4730 5754
386 499 425 566 V.
448 503 510 567 175
534 501 616 566 ictus
641 507 674 566 11
697 502 782 586 apud
807 499 1015 588 Spengelium
1039 511 1072 568 11
1101 502 1186 588 apud
1212 501 1382 568 Goetzium
1408 525 1464 588 per
1488 525 1627 568 errorem
1651 502 1734 569 falso
1758 503 1829 568 loeo
1852 502 1978 587 positus

228 610 287 671 est.
333 604 445 673 Scribe
468 609 607 693 qn6ius
631 608 821 693 quotiens.

145 697 148 704 ’
386 713 588 780 'Petrameter
610 714 746 780 creticus
775 714 982 780 catalecticus
1010 739 1040 782 v.
1061 717 1137 801 177,
1165 738 1259 801 quem
1290 717 1374 782 inter
1402 717 1597 782 acatalectos
1622 716 1792 782 constituit
1818 716 1981 800 Goetzius,

227 818 327 884 habet
349 842 413 905 quo
431 820 616 907 displiceat,
640 844 835 908 quamquam
855 821 894 888 de
914 845 952 887 11
970 845 1022 906 11,
1046 845 1128 908 quae
1147 823 1294 910 longiore
1313 827 1408 910 egeat
1427 822 1661 908 disputatione,
1678 823 1755 887 nolo
1774 823 1808 887 in
1827 845 1980 909 praesens

228 927 408 992 accuratius
436 949 540 1014 agere.
586 928 671 1005 Quid
699 929 726 994 si
756 951 867 995 versus
893 927 1088 996 Goetaianus
1116 952 1181 995 non
1210 930 1431 1015 catalecticus,
1460 929 1509 995 uti
1535 929 1640 994 visum
1673 933 1723 994 111
1747 929 1896 1015 Goetnio,
1925 929 1980 995 sed
2034 963 2036 969 ·

228 1032 425 1099 acatalectus
448 1033 550 1100 fuisse
573 1034 758 1102 iudicatur?
795 1035 1804 1122 (11111111111111111111111111111111,Ρ11111111111111
1836 1041 1981 1101 mutetur
2066 1049 2070 1060 ·

227 1161 379 1225 persona,
401 1139 527 1206 hiatum
552 1141 735 1228 legitimum
759 1145 995 1230 agnoscamus?

388 1245 511 1313 Scaena
533 1249 567 1312 iu
590 1249 654 1314 fine
678 1270 792 1314 manca
815 1254 878 1334 est,
908 1250 1025 1316 desunt
1055 1251 1141 1315 enim
1170 1250 1327 1315 nonnulla
1356 1253 1432 1336 post
1455 1273 1483 1314 v.
1505 1250 1576 1314 178.
1622 1247 1761 1315 Versum
1788 1249 1849 1314 179
1880 1250 1982 1336 deleo,

229 1350 284 1435 qui
303 1351 433 1418 aliunde
452 1353 533 1418 mihi
548 1355 676 1421 videtur
694 1355 873 1442 irrepsisse,
885 1379 981 1422 versu
998 1359 1061 1423 180
1076 1361 1185 1422 autern
1204 1357 1303 1421 verba
1322 1356 1419 1422 aliter
1436 1357 1469 1420 in
1489 1378 1643 1441 personas
1660 1361 1736 1421 sunt
1751 1355 1981 1422 distribuenda.

228 1455 313 1522 Nam
343 1461 479 1545 pulcra
509 1462 646 1546 edepol
678 1463 744 1528 dos
774 1465 978 1548 pecuniast
1006 1464 1103 1530 verba
1127 1463 1397 1548 quemadmodum
1422 1467 1500 1547 apta
1523 1464 1589 1527 siut
1612 1461 1782 1547 Apoecidi,
1806 1464 1862 1548 qui
1886 1461 1981 1528 modo

229 1563 355 1630 dixerat
382 1567 472 1651 quid
500 1572 559 1633 est
587 1569 686 1653 quod
709 1570 931 1654 pudendum
956 1571 1046 1655 siet,
1069 1591 1209 1656 genere
1233 1573 1391 1657 gnatam
1416 1569 1514 1633 bono
1538 1591 1744 1654 pauperem
1769 1573 1807 1633 te
1831 1568 1981 1634 domum

228 1670 365 1738 ducere
384 1695 539 1740 uxorem
557 1696 623 1740 non
640 1675 808 1764 intellego.
840 1677 1055 1754 Quamobrem
1074 1678 1153 1742 haec
1172 1678 1270 1742 verba
1289 1676 1394 1741 danda
1413 1681 1489 1740 sunt
1509 1673 1696 1761 Periphani,
1716 1696 1810 1762 quae
1830 1675 1981 1759 quidam

228 1779 293 1863 pol
316 1800 391 1844 non
415 1783 598 1846 maritant
621 1783 786 1868 Apoecidi.

387 1885 427 1952 In
453 1909 548 1952 versu
573 1890 726 1954 lacunoso
753 1891 813 1954 187
839 1891 908 1956 1111
932 1891 1030 1957 dubio
1053 1913 1117 1956 non
1142 1891 1223 1955 talia
1245 1889 1476 1955 interciderunt
1500 1889 1610 1974 qualia
1633 1889 1770 1954 coniecit
1792 1887 1981 1956 Palmarius.
2045 1894 2048 1900 '

228 1989 339 2074 Ipsum
364 1993 490 2077 qualis
514 2001 693 2080 pronomen
716 2001 857 2062 testatur
876 1998 1042 2064 evidenter
1059 1997 1122 2062 hoc
1139 1996 1345 2062 henristichio
1365 1995 1563 2080 descriptum
1582 1995 1682 2060 fuisse
1701 1995 1848 2060 habitum
1869 2017 1981 2062 senum

230 2102 287 2162 aut
314 2099 413 2165 animi
441 2102 715 2188 tranquillitatem
739 2110 797 2169 aut
819 2141 861 2152 -
884 2109 1058 2190 utrumque
1086 2104 1172 2170 enim
1201 2103 1328 2168 videtur
1350 2104 1426 2167 hnic
1447 2103 1519 2167 loen
1542 2103 1821 2167 accommodatum
1845 2125 1915 2168 1111
1940 2139 1982 2150 -

229 2204 481 2273 sollicitudinem
504 2231 582 2292 prae
605 2231 640 2274 11
663 2210 845 2278 ferentium.
890 2211 1063 2277 Praeterea
1085 2235 1113 2275 1.
1138 2211 1197 2275 186
1223 2215 1255 2274 11
1279 2210 1423 2294 optabile
1447 2215 1497 2274 est
1520 2209 1627 2294 ipsum
1642 2207 1841 2296 ⁴Periphanis
1863 2233 1981 2304 nomen

230 2315 263 2374 11
286 2313 405 2378 1111111
429 2313 512 2378 mihi
534 2316 664 2381 videtur
687 2317 712 2380 si
737 2340 834 2383 unam
860 2319 1007 2383 lacunam
1032 2312 1229 2403 statuamus,
1253 2340 1348 2402 quam
1370 2317 1463 2400 duas,
1486 2316 1534 2380 nti
1553 2315 1632 2379 fecit
1652 2316 1804 2380 Goataius
1829 2316 1884 2402 qui
1907 2321 1982 2400 post

230 2417 433 2501 conspicor
459 2420 701 2488 inseriterum
729 2446 850 2488 meum
878 2431 994 2510 atque
1023 2429 1154 2510 etpost
1178 2423 1411 2511 Apoecidem
1435 2423 1567 2487 lacunae
1592 2423 1719 2508 signum
1743 2423 1862 2508 posuit.
1907 2420 1982 2487 Non
2078 2419 2079 2424 ’

229 2545 300 2588 sum
324 2546 384 2611 ego
413 2527 543 2610 quidem
571 2534 638 2594 tam
666 2531 871 2615 temerarius,
899 2534 935 2595 ut
960 2531 1062 2616 ipsius
1087 2553 1138 2595 me
1162 2531 1270 2596 Plauti
1295 2553 1425 2596 menum
1449 2529 1632 2594 restituisse
1657 2529 1736 2594 mihi
1760 2530 1982 2614 persuadeam,

229 2629 284 2712 qui
307 2635 417 2695 1111111
440 2634 507 2698 1111
530 2635 607 2738 quid
631 2636 759 2700 videtur
782 2637 949 2722 scripsisse

548 2757 612 2824 Sed
640 2781 748 2826 eccum
776 2759 883 2847 ipsum
908 2767 983 2827 ante
1008 2761 1691 2848 11111116111111111111111111111111111
1716 2759 1981 2844 Periphanem,
2012 2783 2013 2788 ¹

547 2865 778 2953 Tranquillo
803 2891 867 2934 eos
891 2870 1017 2934 animo
1043 2891 1125 2935 esse
1150 2875 1322 2954 11111111,
1350 2867 1456 2953 qualis
1480 2867 1553 2931 volo
1578 2867 1704 2932 vetulos
1728 2867 1800 2932 duo.

229 2983 333 3050 Versu
362 2986 469 3071 priore
493 2991 589 3055 etiam
614 2990 846 3077 Apoecidem
871 2999 985 3078 atque
1013 2993 1266 3078 Periphanem
1291 2992 1430 3058 scribere
1453 2991 1559 3077 potui,
1586 2991 1764 3076 posteriore
1788 2991 1893 3055 multa
1916 2991 1982 3056 alia

230 3089 264 3154 in
294 3098 448 3178 promptu
479 3101 572 3161 erant
601 3098 651 3162 vel
682 3098 753 3164 hue
785 3105 987 3165 conmeant
1017 3100 1262 3166 concorditer
1286 3099 1350 3182 vel,
1374 3097 1533 3183 siquidem
1564 3097 1603 3184 de
1633 3098 1732 3163 animi
1762 3096 1980 3163 sollicitudine

230 3197 366 3284 cogites,
396 3202 633 3287 consistunt,
664 3204 828 3271 frontem
859 3208 1094 3273 contrahunt
1123 3207 1175 3272 vel
1200 3206 1368 3272 solliciti
1405 3206 1476 3270 huo
1505 3205 1710 3271 conferunt
1740 3205 1899 3289 gradum
1929 3204 1979 3269 11]
2104 3283 2107 3287 .

229 3308 318 3369 sunt
340 3306 494 3395 tristes,
522 3310 652 3395 capita
674 3314 859 3398 copulant
882 3321 915 3378 et
938 3337 1020 3400 qnae
1044 3320 1120 3379 sunt
1144 3315 1273 3379 similia.

388 3412 426 3479 V.
446 3415 521 3480 204.
544 3415 692 3483 Muelleri
721 3419 883 3506 scriptura
913 3442 1020 3487 mane
1050 3422 1105 3486 sis
1136 3423 1218 3486 sine
1249 3420 1435 3507 respirem
1460 3419 1565 3485 Plnut.
1584 3417 1670 3484 Pros.
1688 3421 1808 3501 11267
1831 3423 1916 3484 certe
1946 3419 1980 3484 in

229 3523 387 3603 apparatu
420 3526 701 3590 commemoranda
732 3526 807 3611 fuit,
843 3549 916 3592 curn
948 3529 1021 3613 plns
1054 3528 1173 3592 habere
1205 3527 1354 3592 uideatur
1385 3526 1627 3612 probabilitatis
1660 3547 1757 3610 quam
1788 3524 1979 3590 Brixianum

229 3625 441 3711 manedum,
469 3630 554 3712 quod
581 3632 703 3715 recepit
727 3630 890 3698 Goetzius.
936 3632 998 3700 Sed
1021 3633 1231 3699 verisimilius
1259 3633 1340 3698 mihi
1362 3633 1490 3698 videtur
1517 3633 1601 3718 qnod
1627 3653 1687 3717 ego
1711 3630 1833 3697 conicio

998 3758 1204 3825 Pnnrennrms

1400 3845 1483 3924 Quid
1506 3847 1608 3911 reiut?

1027 3936 1179 4005 Ermrcus

546 4036 607 4107 'Stl
629 4063 737 4128 mane,
760 4043 828 4108 sine
851 4041 1019 4131 respirem,
1042 4067 1170 4130 quaeso.

998 4167 1203 4236 Punrrannas

1174 4276 1278 4341 Immo
1302 4273 1480 4360 Adquiesce.

1030 4383 1183 4450 Erramus

1475 4469 1595 4535 Animd
1618 4467 1746 4533 malest.

229 4588 398 4658 Praecedit
416 4574 531 4680 reist,
546 4593 580 4658 in
594 4592 770 4680 archetypo
785 4596 887 4680 igitur
901 4595 1048 4662 versibus
1062 4620 1127 4662 non
1142 4599 1228 4661 recte
1243 4594 1405 4660 distinctis
1424 4594 1675 4659 reiststmane
1694 4591 1794 4656 fuisse
1808 4592 1979 4677 suspicere.

388 4699 428 4766 V.
447 4701 509 4765 211
535 4702 649 4767 mirere
673 4701 757 4787 quod
781 4701 934 4768 Goetaius
958 4701 1222 4769 Camerariannm
1245 4703 1367 4786 recepit
1391 4701 1491 4766 11111
1516 4699 1681 4785 quinque
1705 4697 1822 4762 Plauto
1846 4719 1978 4783 prorsus

229 4805 408 4892 indignum.
453 4806 525 4874 Hoc
546 4831 612 4875 non
635 4831 673 4874 1ο
697 4808 852 4874 maiorem
871 4809 1068 4875 nanciscitur
1085 4808 1365 4895 probabilitatem,
1388 4808 1473 4894 quod
1491 4808 1525 4872 in
1544 4807 1651 4872 codice
1671 4805 1809 4891 quodam
1828 4803 1978 4869 Palatino

230 4911 398 4979 deterioris
427 4919 524 4980 notae
554 4915 725 4983 invenitur.
776 4915 852 4982 Non
884 4916 971 4980 mala
1003 4921 1053 4982 est
1082 4915 1228 5002 Ussingii
1260 4916 1444 4981 coniectura
1474 4913 1750 4999 unusquisque,
1781 4933 1979 4997 quamquam

228 5019 338 5084 nescio
362 5020 439 5105 qnid
462 5021 526 5088 sibi
548 5024 652 5089 velint
675 5024 743 5090 eins
766 5023 865 5089 verba
888 5045 970 5108 quae
994 5028 1070 5089 sunt
1092 5023 1126 5087 iu
1145 5021 1377 5088 commentario
1396 5043 1426 5104 p.
1445 5021 1524 5086 261:
1547 5021 1628 5085 alius
1646 5021 1778 5102 quiaque
1800 5018 1980 5104 pessime,

229 5148 313 5194 nam
342 5131 380 5193 et
406 5131 516 5210 quinos
543 5129 741 5196 dicendum
771 5136 949 5196 11111111
977 5131 1190 5196 1111111111
1217 5129 1383 5212 ponitur.
1430 5127 1515 5192 Nam
1538 5125 1660 5191 11111
1687 5125 1788 5190 alius
1811 5125 1979 5210 quinque

1751 5253 1767 5300 a
