4730 5754
1190 313 1211 382 6

1098 417 1226 424 ...Ἀ-..-
1233 417 1257 423 --
1265 417 1308 422 -—

323 528 453 594 tamen
482 544 565 595 esse
593 523 777 596 momenti
806 545 850 596 ac
878 523 1055 617 ponderis
1084 547 1154 597 sua
1182 531 1318 617 sponte
1346 524 1589 620 intellegitur.
1641 525 1723 610 Qua
1745 523 1921 617 opinione
1944 525 2081 599 ductus

323 663 400 756 ipse
426 663 584 736 Poenuli
612 665 780 738 edendae
809 665 1007 739 consilium
1037 666 1271 760 aliquamdiu
1294 667 1526 759 oapessitum
1548 673 1683 760 postea
1706 668 1879 761 deposui,
1908 690 2004 762 quae
2027 668 2081 740 fa·

323 807 414 878 bula
441 807 643 880 emendata
670 831 694 878 a
721 831 797 894 me,
831 815 1016 902 quantum
1045 809 1197 901 quidem
1225 809 1349 882 facere
1378 816 1567 902 poteram,
1596 809 1733 883 abhinc
1760 810 1923 902 amplius
1952 811 2081 883 decem

323 970 441 1022 annos
474 949 514 1021 in
547 949 694 1023 scriniis
727 950 822 1024 meis
852 951 958 1025 latet.
1012 951 1116 1023 Tunc
1144 974 1226 1024 rem
1254 952 1379 1040 omisi,
1413 952 1503 1046 quia
1529 951 1758 1026 Ritsohelius
1787 953 1884 1025 hanc
1912 952 2080 1025 fabulam

322 1091 534 1183 proximam
563 1091 698 1165 Plauto
737 1114 806 1166 suo
843 1092 1047 1188 adiungere
1084 1115 1206 1186 paene
1244 1117 1364 1188 usque
1402 1096 1449 1167 ad
1482 1089 1643 1167 mortem
1673 1096 1840 1167 animum
1868 1095 2079 1168 induxerat.

322 1235 447 1327 Atque
471 1233 584 1306 huius
609 1234 760 1327 quidem
780 1235 938 1308 Poenuli
956 1234 1236 1310 Ritschelianae
1260 1243 1408 1329 partem
1432 1258 1507 1310 non
1531 1237 1705 1331 exiguam
1729 1259 1862 1330 reapse
1882 1235 2080 1310 Ritschelii

321 1398 438 1447 manu
452 1375 662 1448 confectam
679 1398 762 1450 esse
778 1377 866 1463 scic,
887 1401 983 1472 quae
999 1378 1155 1450 dubium
1169 1399 1245 1450 non
1261 1384 1321 1451 est
1335 1378 1426 1472 quin
1441 1380 1481 1452 in
1495 1378 1637 1467 relictis
1653 1379 1833 1453 codicillis
1849 1379 1900 1452 sit
1913 1378 2079 1451 inventa.

481 1551 621 1626 Verum
651 1559 694 1626 ut
722 1555 883 1649 denique
913 1557 960 1627 ad
989 1555 1348 1630 commentationem
1372 1579 1496 1630 meam
1520 1558 1689 1643 redeam,
1717 1580 1831 1650 quam
1854 1556 2079 1630 benevolen-

321 1696 399 1768 tiae
428 1696 530 1769 Tuae
556 1696 859 1770 commendatam
883 1721 966 1772 esse
989 1697 1091 1784 volo,
1120 1697 1314 1771 iudicabor
1337 1698 1498 1772 fortasse
1522 1699 1561 1771 in
1585 1699 1742 1796 singulis
1766 1699 2080 1791 intemperantior

322 1837 438 1912 luisse
463 1863 577 1932 quam
602 1838 715 1912 debui
738 1862 807 1912 nec
834 1839 910 1913 scio
935 1865 983 1912 an
1006 1861 1083 1912 non
1107 1840 1235 1913 omnia
1257 1840 1425 1913 habeant
1449 1863 1557 1914 suam
1580 1841 1858 1914 maturitatem:
1887 1841 1980 1912 illud
2003 1831 2079 1913 non

322 2003 456 2054 vereor
483 2005 531 2054 ne
560 1981 730 2055 levitatis
760 2005 783 2054 a
811 2003 1001 2075 quoquam
1030 2004 1167 2078 arguar
1190 2005 1233 2054 ac
1256 1983 1497 2056 temeritatis.
1541 1985 1773 2077 Quamquam
1800 2005 1860 2056 me
1884 2004 1960 2054 non
1982 1982 2079 2078 fugit

322 2123 458 2195 mirum
494 2130 678 2217 quantum
707 2124 897 2196 caecutire
925 2146 994 2197 nos
1024 2147 1153 2198 omnes
1181 2125 1221 2198 in
1248 2125 1458 2198 iudicandis
1487 2125 1627 2199 nostris
1655 2126 1824 2217 ipsorum
1852 2124 2079 2197 coniecturis

322 2288 391 2338 nec
415 2289 565 2358 semper
589 2287 673 2338 eam
698 2267 884 2340 rationem
910 2289 1006 2361 quae
1025 2267 1215 2340 nobismet
1234 2267 1326 2360 ipsis
1345 2268 1508 2340 maxime
1528 2267 1711 2361 probatur
1730 2289 1812 2340 esse
1832 2266 2078 2340 verissimam.

322 2407 394 2480 Sed
427 2431 512 2480 cunr
545 2409 697 2481 omnino
729 2431 857 2482 rarum
889 2431 972 2482 esse
1005 2416 1155 2484 constet
1187 2399 1387 2483 numerum
1420 2410 1722 2483 coniecturarum
1752 2432 1848 2503 quae
1881 2407 2078 2504 insignitas

321 2573 411 2642 prae
442 2573 481 2624 se
512 2550 639 2624 ferunt
669 2552 841 2625 veritatis
869 2558 979 2626 notas
1008 2594 1059 2604 -
1088 2574 1162 2646 quo
1195 2559 1326 2624 tamen
1358 2575 1404 2625 ex
1437 2575 1593 2626 numero
1627 2553 1787 2626 fortasse
1820 2551 1859 2622 in
1892 2571 2078 2623 commen·

321 2693 467 2766 talione
496 2716 582 2766 mea
609 2694 809 2768 nonnullas
836 2672 1006 2768 invenies
1036 2737 1087 2748 -
1115 2695 1343 2788 ubicumque
1370 2695 1409 2765 id
1437 2694 1537 2787 quod
1569 2694 1779 2786 perfectum
1809 2692 2077 2786 expletumque

322 2835 372 2906 sit
409 2835 569 2909 inveniri
606 2858 682 2908 non
719 2817 888 2929 potuerit
924 2837 1053 2910 licebit
1093 2858 1161 2929 pro
1200 2836 1279 2910 veri
1320 2836 1613 2931 investigatione
1655 2835 1887 2908 substituere
1923 2833 2077 2907 investi-

321 2977 512 3072 gaticnem
542 2978 622 3051 eius
652 2979 752 3072 quod
781 2986 840 3053 est
868 2980 989 3054 simile
1018 2979 1109 3054 veri.

482 3139 642 3211 Inventa
678 3139 854 3226 aliorum,
892 3140 1154 3233 undecumque
1192 3138 1373 3234 originem
1411 3137 1618 3224 habebant,
1656 3161 1702 3210 ea
1739 3161 1814 3230 qua
1846 3159 1914 3230 par
1947 3143 2007 3209 est
2038 3137 2078 3210 in

322 3280 461 3354 litteris
490 3280 620 3354 iudicii
648 3281 841 3375 aequitate
870 3281 1083 3355 examinavi
1112 3287 1275 3375 atquae
1303 3278 1397 3352 mihi
1425 3303 1516 3352 vera
1544 3303 1626 3352 esse
1655 3278 1882 3352 videbantur
1911 3301 1957 3351 ea
1979 3299 2078 3351 com·

322 3423 482 3514 prcbare
511 3429 550 3496 et
578 3424 672 3497 meis
701 3423 820 3515 ipsius
850 3424 1077 3498 coniecturis
1105 3423 1294 3516 praeferre
1323 3443 1399 3494 non
1421 3427 1601 3516 gravatus
1626 3445 1718 3495 sum.
1773 3420 1877 3493 Nihil
1900 3421 2078 3493 intolera-
2153 3458 2158 3467 ·

321 3565 435 3638 bilius
464 3566 677 3640 odiosiusve
708 3591 821 3661 quam
850 3590 946 3660 quae
976 3566 1014 3638 in
1042 3572 1173 3640 nostra
1201 3587 1350 3660 quoqne
1379 3563 1578 3656 disciplina
1605 3587 1704 3636 nunc
1729 3564 1866 3636 mirum
1892 3569 2075 3657 quantum

321 3708 557 3800 percrebruit
580 3708 678 3780 ratio
701 3708 813 3801 plane
838 3731 1017 3802 perversa
1036 3730 1166 3781 eorum
1186 3707 1251 3808 qui
1270 3707 1457 3780 sociorum
1476 3706 1673 3800 eidemque
1694 3713 1821 3780 sectae
1841 3705 2076 3806 addictorum

320 3850 482 3938 libellos,
525 3851 818 3945 qualescumque
857 3856 962 3937 sunt,
1003 3850 1051 3921 ad
1088 3856 1192 3924 astra
1231 3849 1381 3936 tollere,
1423 3848 1583 3921 aliorum
1625 3849 1767 3941 scripta
1808 3847 1994 3943 castigare
2037 3853 2076 3920 et

320 3994 494 4066 obterere
542 3999 829 4067 consueverunt.
902 3993 983 4078 Qua
1027 3993 1066 4065 in
1111 4016 1152 4065 re
1198 3991 1384 4064 Gulielmo
1430 3991 1689 4065 Studcmundo
1735 3989 1857 4062 habeo
1903 3989 2076 4086 gratiam,

321 4135 386 4228 qui
432 4135 471 4206 in
516 4136 710 4228 prooemio
756 4134 966 4208 studiorum
1014 4136 1061 4207 ad
1106 4135 1249 4228 priscos
1295 4133 1497 4227 scriptores
1539 4133 1677 4206 latinos
1718 4131 1942 4204 collatorum
1982 4132 2076 4204 haec

320 4277 437 4350 verba
459 4277 549 4351 fecit
573 4277 874 4352 consideratione
898 4277 1131 4375 dignissima:
1162 4279 1308 4348 Aliorum
1326 4277 1570 4368 plee'loloporum
1595 4279 1672 4346 or'tr'a
1696 4277 1833 4365 moleque
1855 4278 1954 4366 carpi
1971 4279 2076 4364 occat}

319 4424 403 4492 iussi
425 4424 505 4491 cuim
531 4423 709 4514 decerpulos
734 4445 821 4492 meos
846 4425 945 4491 cuivis
971 4422 1179 4490 mediarum
1204 4423 1299 4490 docto
1326 4429 1446 4488 lurlum
1472 4420 1632 4498 (reburro,
1665 4425 1815 4511 quomam
1842 4418 1907 4487 sibi
1926 4421 2074 4510 sortasse

318 4564 537 4652 adroparcnl,
570 4563 769 4654 alarumque
798 4563 956 4652 elipandum
983 4583 1116 4630 rourum
1147 4583 1276 4651 semper
1298 4559 1491 4651 sircullutam
1518 4558 1645 4626 modulo
1671 4560 1786 4626 meliri.
1842 4557 1929 4629 Non
1956 4557 2074 4649 probo

319 4703 396 4774 ullo
425 4709 537 4794 pacto
566 4700 732 4774 rationes
761 4699 912 4774 criticas
940 4700 1121 4794 Gepperti
1149 4701 1209 4773 vel
1238 4700 1401 4796 Ussingii
1428 4699 1570 4793 ——qui
1598 4699 1699 4771 enim
1726 4699 1900 4791 pessumi
1933 4741 1977 4751 -
2009 4698 2074 4771 sed

319 4867 482 4938 aequum
516 4850 576 4918 est
608 4867 705 4938 quae
737 4849 841 4916 recte
875 4843 921 4914 ab
956 4842 1011 4915 eis
1044 4849 1134 4916 sunt
1165 4841 1432 4915 administrata
1464 4864 1509 4914 ea
1544 4839 1677 4914 libenti
1705 4838 1831 4911 animo
1860 4859 2073 4934 agnoscere.

317 4986 375 5057 nd
403 4985 819 5082 magnificentissimum
847 4985 940 5057 illud
967 4984 1185 5057 litterarum
1211 4983 1399 5074 templum
1424 4981 1747 5057 exaedificandum
1770 4979 1871 5056 saxis
1895 5001 1989 5074 opus
2014 4985 2074 5054 est

250 5139 255 5150 '
318 5127 516 5223 permultis
545 5150 615 5203 nec
643 5127 775 5215 refert,
801 5149 880 5222 qua
905 5149 954 5200 ex.
980 5124 1184 5219 lapicidina
1209 5124 1462 5218 provenerint
