4730 5754
1106 209 1170 281 15·

934 415 972 482 Si
992 417 1055 483 sibi
1079 439 1163 482 nunc
1185 415 1321 482 1111111111

661 519 722 589 'Ab
747 525 874 611 legione
897 523 1032 589 abduxit
1055 524 1157 590 enimi
1180 528 1289 608 111111,
1315 523 1436 587 corium
1461 521 1597 608 perdidi.

413 666 453 731 In
469 671 627 751 apparatu
641 687 753 732 versus
768 667 811 732 95
826 667 866 731 ed
882 665 982 731 verba
996 670 1035 731 at
1049 667 1148 731 enim
1163 701 1206 712 -
1220 664 1286 730 bat
1300 664 1398 729 enim
1414 663 1695 729 commemoranda
1710 669 1780 730 erat
1790 662 2003 731 Studemundi

256 771 584 838 commentatiuncula
606 795 704 858 quam
726 773 865 838 inseruit
887 771 1028 838 Hermae
1050 771 1113 837 rol.
1136 772 1153 838 I
1172 796 1202 857 p.
1225 770 1298 836 295.

413 877 453 942 V.
472 879 513 944 97
539 878 692 946 Goetaius
715 884 800 946 tute
823 884 861 944 te
883 879 978 964 ipse,
1002 877 1179 962 Seyffertus
1203 882 1287 943 tute
1310 881 1398 941 tete.
1444 875 1568 954 Quibus
1587 878 1794 962 coniecturis,
1816 879 1880 943 nisi
1897 879 2004 963 fallor,

254 985 334 1052 haec
356 1007 429 1051 mea
453 985 645 1052 emendandi
668 987 753 1052 ratio
776 989 923 1072 praestat

640 1125 705 1205 Qui
724 1127 870 1193 lubidost
892 1127 976 1192 mile
999 1126 1111 1211 loqui?
1136 1125 1221 1212 qui?
1246 1123 1322 1210 quia
1344 1129 1381 1190 tu
1404 1129 1470 1191 tete
1494 1125 1614 1190 deseris

254 1290 376 1335 warum
401 1269 560 1353 schimpsst
586 1271 628 1335 du
651 1270 719 1336 dieb
741 1270 851 1336 solbet?
878 1269 1020 1334 warum?
1047 1265 1671 1334 11111111111111111111111181111011111.
1715 1267 1780 1333 Ρ10
1804 1269 2001 1354 loquiqui-

256 1377 345 1462 quia
371 1375 526 1442 facillime
556 1377 761 1462 loquiquia
790 1377 887 1442 scribi
915 1376 1061 1462 potuisse
1088 1395 1183 1440 nemo
1212 1395 1276 1439 non
1308 1373 1404 1440 videt
1450 1373 1584 1440 Accedit
1611 1375 1697 1460 quod
1726 1375 1816 1460 quie
1842 1376 1876 1440 in
1900 1378 2003 1443 altera

255 1487 347 1568 parte
374 1505 486 1548 versus
516 1487 592 1569 post
619 1505 783 1550 caesuram
811 1483 954 1570 positum
982 1483 1055 1569 plus
1083 1481 1183 1546 habet
1210 1480 1515 1566 commendationis,
1543 1503 1639 1565 quam
1668 1481 1701 1545 in
1730 1481 1871 1567 priorem
1894 1506 2005 1550 versus

255 1594 382 1674 partem
405 1589 542 1655 ascitum
566 1589 663 1675 quia.
1623 1599 1629 1612 '

415 1696 452 1762 V.
475 1697 651 1762 109—111
677 1720 757 1782 quos
782 1697 907 1762 omittit
929 1695 961 1757 A
985 1695 1184 1760 damnandos
1208 1694 1358 1760 essehoc
1381 1695 1452 1760 luco
1475 1693 1570 1760 facile
1593 1694 1815 1781 unusquisque
1839 1696 2004 1762 concedet:

255 1803 336 1868 illud
359 1827 379 1868 a
398 1803 533 1869 Goetzio
556 1803 729 1888 dissentio,
752 1804 837 1888 quod
861 1826 915 1869 eos
938 1825 1003 1868 non
1027 1803 1066 1867 ad
1090 1801 1320 1886 antiquitatem
1342 1801 1526 1866 referendos
1551 1823 1621 1866 esse
1645 1800 1724 1866 dicit
1741 1801 1887 1868 Analect
1906 1826 1936 1889 p.
1951 1804 2003 1870 93.

254 1908 338 1976 Vide
358 1911 457 1976 etiam
474 1909 650 1976 Luebberti
671 1914 796 1995 syntax.
830 1909 927 1990 Quom
947 1908 1125 1994 particulae
1142 1932 1172 1993 p.
1192 1909 1262 1974 133.
1299 1907 1360 1985 Qui
1379 1929 1492 1974 versus
1514 1929 1709 1994 quamquem
1725 1914 1801 1993 post
1816 1908 2002 1975 Plautinum

256 2021 397 2082 aetatem
431 2017 549 2082 adiecti
579 2021 655 2082 sunt
685 2017 880 2101 certissime,
908 2021 1018 2082 tamen
1048 2038 1068 2081 a
1095 2020 1191 2100 poeta
1219 2015 1328 2100 aliquo
1356 2015 1535 2099 posteriore
1566 2013 1727 2100 profectos
1758 2037 1813 2080 eos
1844 2037 1914 2082 esse
1941 2017 2003 2082 tibi

255 2123 465 2208 persuadeas,
498 2127 535 2188 ut
570 2124 689 2189 ictibus
720 2123 787 2189 siut
813 2123 1018 2208 insigniendi.
1070 2121 1221 2186 Fortasse
1250 2143 1289 2186 ex
1316 2120 1382 2186 alia
1404 2121 1515 2186 fabula
1542 2125 1658 2206 poetae
1685 2121 1820 2187 alicuius
1851 2121 2002 2188 Terentio

255 2231 444 2316 posterioris
473 2235 565 2295 erant
594 2230 776 2316 deprompti
805 2227 859 2316 (ad
888 2251 1017 2295 versum
1049 2229 1110 2293 110
1138 2228 1177 2293 cf.
1204 2227 1332 2293 Terent.
1355 2227 1493 2314 Adelph.
1518 2225 1608 2312 308).
1653 2225 1724 2293 Hoc
1752 2230 1803 2294 vel
1831 2235 2003 2316 propterea

255 2336 337 2402 mihi
360 2337 487 2401 videtur
509 2336 692 2421 probabile,
716 2335 816 2422 quod,
839 2335 963 2420 siquid
989 2335 1094 2419 video,
1113 2335 1164 2400 his
1184 2334 1330 2398 versibus
1349 2333 1570 2420 suppositiciis
1588 2332 1739 2400 hocloco
1759 2357 1832 2400 vere
1852 2335 2003 2402 Plautina

255 2447 331 2508 sunt
358 2442 537 2508 exturbata.
583 2441 1320 2528 111101101111111111111111101101101111108.
1359 2440 1531 2507 Praeterea
1552 2440 1639 2505 haud
1663 2441 1729 2506 seio
1753 2464 1794 2506 an
1817 2465 1847 2508 v.
1868 2443 2002 2530 112111,

256 2549 319 2614 nisi
340 2548 425 2614 forte
449 2549 606 2635 gemellus
627 2553 676 2614 est
699 2571 810 2614 versus
837 2549 913 2632 ll'l,
936 2547 970 2612 id
993 2547 1078 2632 quod
1102 2547 1249 2632 equidem
1278 2545 1482 2630 crediderim,
1509 2549 1585 2632 post
1611 2545 1697 2612 hunc
1725 2547 1768 2613 sit
1796 2549 2001 2614 collocandus

257 2655 339 2720 hunc
361 2655 396 2719 in
419 2656 550 2720 modum

836 2743 1241 2809 109110111114-117
1269 2743 1331 2808 112
1358 2743 1428 2807 113.

415 2885 568 2953 Ceterum
595 2908 653 2973 pro
682 2887 762 2953 suis
791 2911 819 2952 v.
846 2887 908 2951 112
936 2889 1102 2971 exspectes
1135 2886 1266 2951 verbis
1297 2884 1447 2950 solatur
1473 2885 1589 2950 meris
1617 2883 1659 2970 (v.
1683 2886 1782 2952 etiam
1812 2885 2001 2971 Ussingium

256 2997 463 3060 commentar.
486 2991 581 3079 Epid.
600 3017 629 3079 p.
650 2991 737 3081 255).

414 3099 453 3165 V.
474 3101 536 3166 116
565 3104 598 3166 11
627 3097 889 3166 Camerarianum
917 3122 990 3166 non
1019 3119 1198 3184 negarem
1226 3103 1259 3163 et
1287 3097 1534 3164 Muellerianum
1562 3098 1774 3184 pollicerer
1800 3121 1901 3183 aeque
1929 3122 2001 3183 pro-

257 3206 361 3273 batur.
407 3206 610 3292 Quamquam
634 3205 720 3292 quod
744 3229 773 3272 v.
791 3207 854 3273 331
881 3207 913 3272 si
942 3205 1072 3272 hercle
1099 3205 1258 3270 habeam
1288 3205 1479 3289 pollicear
1504 3205 1639 3270 lubens
1670 3204 1748 3270 dicit
1779 3203 2002 3290 Chaeribulus,

253 3313 328 3378 inde
358 3313 520 3378 immerito
552 3313 691 3379 conicias
722 3313 821 3378 etiam
851 3313 1006 3378 hocloco
1037 3311 1123 3378 idem
1153 3311 1286 3377 verbum
1314 3313 1457 3395 positum
1486 3333 1565 3376 esse.
1611 3311 1682 3398 Ego
1718 3312 1783 3376 alia
1811 3312 2001 3378 emendandi

254 3419 307 3484 via
329 3418 413 3488 inita
435 3419 540 3484 scribo

573 3523 608 3592 Si
635 3525 739 3590 he'rcle
762 3525 915 3590 haberem
938 3529 1026 3592 tute
1049 3524 1213 3590 haberes

255 3667 348 3732 credo
380 3667 466 3732 enim
498 3666 667 3732 librarium
696 3667 817 3753 scripta
844 3667 1021 3734 haberem
1047 3688 1126 3732 voce
1153 3665 1277 3731 formae
1305 3665 1517 3731 similitudine
1540 3666 1710 3751 deceptum
1734 3666 1880 3752 proxima
1905 3669 2001 3733 verba

255 3777 339 3839 tute
362 3773 526 3839 haberes
549 3773 707 3839 omisisse.

413 3896 452 3962 V.
474 3898 533 3962 121
560 3918 622 3984 ego
645 3897 868 3983 proposuerim

574 4042 670 4126 quem
695 4041 868 4124 equidem
892 4061 953 4126 ego
975 4040 1139 4106 hominem
1163 4038 1340 4126 inrigatum
1364 4041 1471 4126 plaigis
1494 4039 1614 4126 pistori
1634 4041 1726 4106 dabo.

414 4179 453 4246 V.
474 4181 536 4246 128
561 4180 711 4264 Seyfferti
735 4183 878 4247 salvom
904 4183 975 4248 huc
998 4181 1213 4268 advenisse,
1237 4182 1323 4266 quod
1346 4181 1416 4268 ipse
1439 4204 1566 4268 quoque
1585 4182 1767 4266 suspicatus
1786 4204 1889 4268 cram,
1911 4204 2000 4268 prae-

254 4286 434 4372 ferendum,
458 4309 521 4373 quo
545 4287 716 4353 collocatio
740 4289 910 4354 verborum
933 4311 1015 4374 quae
1039 4290 1145 4354 estin
1168 4289 1332 4355 codicibus
1354 4310 1419 4354 non
1442 4289 1643 4354 immutatur.

414 4411 453 4478 V.
476 4412 538 4477 134
556 4412 591 4476 in
605 4413 712 4477 verbis
735 4414 829 4478 mibi
853 4419 1061 4499 tantopere
1083 4419 1122 4479 te
1145 4412 1227 4478 nihil
1252 4413 1450 4480 mutandum.
1486 4411 1555 4478 Nec
1573 4413 1658 4479 enim
1678 4413 1903 4498 dubitandum,
1923 4415 2000 4499 quin

256 4515 419 4584 Mahlerus
443 4518 562 4584 nimius
586 4519 688 4584 sitin
710 4520 980 4585 commentatione
1003 4543 1060 4607 per
1083 4543 1117 4586 se
1140 4520 1237 4585 laude
1259 4520 1359 4604 digna
1381 4541 1463 4604 quae
1482 4525 1532 4585 est
1551 4520 1590 4586 de
1609 4542 1752 4604 pronom.
1771 4541 1896 4605 person.
1915 4522 2000 4605 apud

257 4621 408 4688 Plautum
430 4625 642 4690 collocatione
666 4623 829 4690 Cussalini
852 4625 1148 4694 MDCCCLXXVI.

415 4729 453 4797 V.
475 4732 653 4796 135-137
684 4733 773 4797 nullo
803 4737 898 4817 pacto
927 4737 963 4797 ut
985 4734 1091 4798 visum
1116 4737 1166 4799 est
1190 4733 1325 4799 Goetaio
1349 4755 1368 4797 a
1392 4731 1508 4798 Plauto
1532 4734 1655 4799 alienos
1679 4754 1750 4798 esse
1773 4735 2002 4820 contenderim,

257 4836 312 4920 qui
335 4858 529 4921 quamquam
551 4842 690 4924 possunt
713 4859 789 4904 sane
813 4839 926 4904 abesse
950 4839 1018 4905 sine
1043 4861 1155 4904 sensus
1179 4839 1388 4924 detrimento,
1411 4844 1521 4904 temen
1545 4840 1646 4904 latum
1666 4839 1747 4904 illud
1765 4840 2001 4924 verbosumque
2122 4861 2126 4866 ·

257 4942 382 5006 dicendi
406 4963 508 5028 genus
531 4967 603 5010 cum
627 4944 744 5010 Plauto
767 4945 1066 5029 frequentissimum
1090 4951 1140 5012 est
1162 4949 1231 5011 tum
1256 4945 1331 5011 huic
1353 4947 1424 5010 loco
1448 4967 1579 5031 prorsus
1603 4946 1889 5011 accommodatum.
1936 4945 2003 5012 Nec

257 5071 285 5114 v.
308 5049 480 5114 143-145
504 5051 550 5118 111
574 5051 652 5116 mihi
677 5052 855 5137 comparati
878 5052 1029 5118 videntur
1052 5075 1136 5139 ease,
1159 5056 1196 5116 ut
1218 5053 1479 5139 interpolationis
1504 5053 1719 5139 suspitionem
1743 5059 1902 5117 moveant.
2031 5101 2037 5114 .
