4730 5754
1092 321 1139 393 13

555 529 625 595 Hac
648 533 742 595 nocte
765 530 799 594 in
822 529 945 594 somnis
969 528 1057 594 visus
1081 551 1153 594 sum
1176 529 1297 595 tuerier

556 637 673 702 Procul
696 635 807 701 sedere
832 635 928 720 lenge
951 657 971 700 a
994 658 1045 700 me
1069 636 1307 721 Aesculapium.

237 761 411 829 Praeterea
433 762 545 827 eadem
570 759 808 847 significatione
831 758 965 825 tuendi
988 760 1086 825 verbo
1105 761 1209 826 utitur
1228 759 1363 825 Plautus
1388 760 1470 826 llud.
1489 761 1554 826 254
1574 762 1707 828 videor
1730 763 1906 828 decorum
1930 763 1989 827 dis

237 870 362 934 locum
391 869 537 934 tuerier
568 873 601 934 et
625 867 719 950 Capt
749 867 843 931 1008.
885 865 949 930 Pro
980 871 1091 931 tueor
1121 867 1155 930 in
1186 867 1292 953 primo
1322 866 1403 951 pede
1434 867 1541 932 minus
1572 868 1671 934 babet
1694 869 1990 934 verisimilitudinis

238 981 338 1061 tuor,
362 999 558 1062 quamquam
575 976 610 1040 in
633 973 740 1061 prisca
758 971 922 1038 latinitate
946 977 1082 1058 utraque
1100 974 1190 1038 verbi
1217 974 1322 1038 forma
1342 974 1375 1038 in
1394 995 1455 1038 usu
1474 974 1550 1059 luit,
1574 975 1646 1039 vide
1664 975 1820 1061 Nauium,
1843 977 1989 1042 Formen-

237 1083 317 1148 lehre
334 1084 388 1148 det
410 1083 464 1148 lot.
482 1082 615 1165 Smacbc
637 1081 682 1145 Π
691 1103 725 1163 p.
742 1083 815 1145 326.

395 1190 534 1256 Versum
557 1189 601 1254 65
621 1187 848 1254 Fleckeisenus
871 1186 906 1251 in
925 1185 1043 1251 Annal.
1061 1185 1142 1270 phil.
1162 1185 1267 1252 cxlx
1291 1183 1409 1272 (1879)
1432 1211 1463 1273 p.
1483 1189 1545 1252 767
1562 1209 1609 1273 sq.
1629 1190 1676 1254 sic
1699 1188 1990 1254 reconcinnandum

237 1317 307 1361 esse
331 1295 497 1362 existimat

554 1381 672 1451 'Immo
697 1381 1015 1468 deperit.‡‡degetur
1038 1382 1161 1447 adrium
1186 1381 1224 1474 de
1248 1385 1341 1466 tergo
1365 1403 1437 1447 mec

238 1550 433 1613 quamquem
457 1529 496 1592 de
519 1526 682 1612 degendi
705 1525 805 1591 verbo
827 1546 892 1590 non
914 1525 1081 1590 consentio
1105 1547 1178 1589 cum
1197 1522 1415 1590 Fleckeiseno.
1451 1525 1729 1602 Quemadmodum
1748 1528 1832 1592 enim
1852 1527 1991 1613 degere

238 1635 421 1720 significare
441 1634 547 1718 possit
566 1629 783 1716 detrab'ere,
801 1653 867 1697 non
886 1630 1053 1715 intellego.
1086 1628 1190 1696 Credo
1205 1631 1349 1696 Nonium
1364 1652 1488 1697 errasse
1503 1632 1536 1698 in
1552 1634 1704 1700 lemmate
1724 1633 1991 1720 scribendumque

238 1762 309 1807 esse
333 1763 405 1806 oum
428 1737 492 1806 Β]
509 1740 724 1825 detegetur,
747 1738 834 1824 quod
863 1737 944 1803 mihi
975 1736 1056 1803 satis
1087 1741 1200 1823 aptum
1229 1737 1357 1803 videtur
1387 1759 1466 1804 esse.
1512 1738 1605 1816 Quod
1634 1740 1663 1804 si
1691 1763 1803 1806 verum
1833 1745 1897 1827 est,
1926 1763 1992 1806 non

239 1851 349 1933 potest
372 1848 485 1912 immo
509 1847 621 1912 teneri.
665 1846 784 1912 Nescio
808 1868 850 1910 an
873 1843 970 1910 scribi
993 1844 1112 1930 possit:

557 1987 1014 2074 Deperbitit.i‡detegetur
1037 1985 1160 2052 corium
1184 1987 1222 2051 de
1244 1989 1338 2070 tergo
1362 2007 1443 2051 meo.

239 2129 332 2208 Quod
361 2154 434 2196 cum
464 2136 592 2216 praeter
622 2132 759 2216 simplex
791 2130 916 2195 bitere
951 2130 1003 2194 vel
1033 2129 1106 2194 biti
1138 2127 1318 2214 composita
1345 2129 1556 2215 absbitere,
1590 2127 1778 2214 adbitere,
1810 2131 1992 2217 rebitere,

239 2237 385 2302 ebitere
416 2237 450 2301 in
479 2238 586 2323 prisca
616 2237 779 2303 latinitate
809 2237 843 2301 in
872 2258 933 2301 usu
962 2236 1062 2301 fuisse
1087 2235 1222 2300 doceant
1251 2235 1412 2320 glossaria
1434 2231 1478 2320 (v.
1499 2234 1536 2302 G.
1555 2235 1720 2301 Loewium
1738 2241 1799 2302 act.
1818 2259 1881 2304 sco.
1904 2237 1992 2323 Lips.

238 2342 367 2408 volVl
394 2368 424 2429 p.
449 2345 514 2409 310
536 2367 614 2429 sqq.‚
651 2345 712 2409 361
740 2341 814 2428 sq),
850 2347 1015 2429 praeterea
1049 2343 1218 2407 inbitere
1254 2347 1287 2405 et
1322 2341 1558 2407 interbitsre
1592 2341 1745 2408 Plautina
1779 2345 1859 2428 sint,
1895 2351 1992 2430 atque
2092 2422 2097 2438 ι

238 2451 346 2535 ipsum
368 2450 566 2534 perbitere
589 2449 707 2516 Festus
730 2450 821 2516 Paul.
840 2475 870 2536 p.
889 2451 954 2514 215
978 2453 1088 2535 aperte
1111 2452 1250 2514 testetur
1273 2445 1426 2514 Plautum
1449 2449 1598 2534 posuisse
1621 2472 1678 2534 pro
1701 2451 1827 2534 perire
1858 2451 1993 2517 ethaeo

240 2557 311 2642 ipsa
338 2557 442 2622 forma
469 2557 604 2642 legatur
631 2556 747 2623 Pseud.
773 2557 835 2622 778
860 2560 893 2622 et
915 2556 997 2622 Rud.
1020 2556 1099 2641 495,
1126 2553 1266 2620 conicias
1295 2575 1358 2619 non
1389 2554 1457 2620 sine
1481 2556 1591 2640 aliqua
1613 2556 1845 2641 probabilitate
1867 2579 1908 2622 ne
1931 2557 1991 2623 de-

240 2663 437 2747 perbitere
460 2663 590 2748 quidem
614 2686 633 2727 a
656 2665 764 2750 prisce
786 2664 951 2728 latinitate
974 2661 1075 2728 fuisse
1098 2662 1250 2728 alienum

398 2768 438 2836 V.
456 2771 588 2835 67-70
610 2793 675 2835 non
698 2771 809 2837 faciles
833 2775 909 2836 sunt
932 2771 973 2834 ad
996 2769 1244 2852 emendandum,
1267 2789 1463 2852 quamquam
1486 2769 1567 2834 illud
1590 2791 1663 2835 mea
1682 2770 1812 2854 quidem
1831 2772 1993 2837 sententia

239 2877 455 2942 certissimum
478 2877 608 2942 videtur
631 2881 688 2942 aut
706 2878 906 2962 septenarios
926 2882 983 2958 aut
1001 2875 1184 2942 octonarios
1204 2897 1273 2940 esse
1293 2874 1549 2960 constituendos,
1571 2898 1637 2941 non
1655 2899 1755 2942 unum
1773 2877 1992 2963 septenarium

240 2983 415 3047 octonariis
435 3005 504 3050 esse
523 2984 777 3050 immiscendam.
815 2985 923 3070 Atque
942 3007 1015 3049 cum
1039 2986 1135 3049 antea
1154 2981 1352 3066 septenarios
1371 2981 1625 3069 continuassem,
1643 2988 1758 3068 postea
1772 2984 1912 3070 praetuli
1931 2983 1992 3049 hos

239 3089 455 3156 octonaticlcs

1036 3177 1198 3244 'Pausania

569 3283 665 3351 Mitte
687 3289 838 3352 nunciam
862 3309 913 3351 me
929 3309 1024 3352 .nam
1048 3287 1104 3350 ille
1127 3293 1179 3350 me
1203 3285 1307 3349 vetuit
1329 3283 1461 3348 domum
1484 3284 1607 3369 venire,

559 3387 618 3455 'Ad
644 3414 750 3458 suom
774 3393 936 3458 amicum
961 3392 1192 3458 Chaeribulum
1217 3391 1314 3456 iussit
1336 3390 1398 3454 buc
1422 3391 1453 3454 in
1478 3393 1671 3476 proxumum
1694 3393 1749 3456 ire

559 3493 623 3562 'Ibi
647 3522 775 3564 manere
795 3551 802 3566 .
822 3503 858 3563 ed
883 3504 1054 3566 venturust
1076 3498 1177 3584 ipsus.

1036 3623 1188 3690 Emmaus
1246 3655 1249 3661 ·

1178 3728 1312 3813 Ipsus?
1344 3726 1421 3812 quid
1444 3729 1512 3792 ita‘?

1039 3870 1199 3935 Tnnsraro

1522 3958 1648 4024 Dicam:

570 4068 653 4146 Quia
675 4072 801 4155 patrem
824 4068 915 4153 prius
939 4067 1109 4152 cdnvenire
1135 4069 1169 4131 sel
1191 4086 1257 4130 non
1279 4067 1349 4130 volt
1371 4086 1475 4150 neque
1498 4065 1686 4151 conspicari.

244 4191 295 4256 Ad
323 4191 611 4257 commendandam
639 4193 833 4279 scripturam
862 4213 968 4257 meam
991 4191 1073 4256 nihil
1097 4191 1164 4257 fere
1188 4191 1301 4256 adicio.
1347 4189 1407 4255 Ire
1431 4212 1458 4253 v.
1478 4191 1520 4256 68
1544 4194 1620 4275 post
1643 4190 1837 4272 praecedens
1861 4191 1991 4257 venire

245 4302 277 4363 ct
299 4298 409 4384 ipsus
433 4297 545 4364 eadem
566 4298 681 4363 vocula
700 4299 910 4365 antecedente
928 4298 1083 4364 facillime
1103 4298 1212 4363 omitti
1227 4298 1390 4384 potuisse,
1409 4297 1527 4362 iussit
1545 4295 1595 4361 bis
1614 4296 1757 4381 positum
1777 4297 1812 4361 in
1829 4297 2010 4362 codicibus

243 4403 337 4470 valde
375 4403 546 4490 displicere
577 4427 636 4489 per
667 4427 715 4490 ee,
748 4427 877 4470 versum
912 4426 1016 4470 meum
1051 4405 1093 4469 69
1122 4428 1142 4469 a
1168 4404 1310 4469 numeris
1344 4403 1499 4468 maiorem
1532 4403 1841 4469 commendationem
1874 4404 1993 4469 habere

244 4533 341 4594 quam
366 4510 579 4576 Goetzianum
602 4510 696 4575 iusta·
712 4512 869 4577 incisione
892 4514 1054 4576 carentem
1078 4531 1130 4575 me
1153 4532 1218 4575 non
1240 4514 1391 4575 monente
1413 4509 1507 4575 facile
1531 4509 1709 4595 apparebit.

403 4617 443 4683 V.
472 4618 513 4682 78
544 4617 701 4681 librorum
732 4619 893 4703 scriptura
923 4617 1156 4682 benevolens
1187 4636 1267 4681 cum
1296 4615 1551 4682 benevolente
1581 4638 1646 4681 non
1674 4616 1829 4681 mutanda
1856 4616 1992 4682 videtur.

244 4722 342 4788 Falsa
365 4723 449 4789 enim
474 4727 526 4788 est
547 4721 585 4788 R.
603 4721 753 4789 Muelleri
772 4724 882 4808 opinio
906 4723 1127 4789 accusativum
1150 4722 1204 4787 hic
1225 4745 1285 4808 pro
1308 4722 1510 4796 nominativo
1534 4722 1730 4808 flagitantis,
1758 4723 1848 4788 cuius
1872 4723 1992 4788 coniec-

244 4835 318 4894 tura
342 4830 574 4895 benevolum
600 4829 736 4895 sirecte
760 4851 795 4895 se
817 4829 968 4915 baberet,
991 4829 1061 4895 sine
1085 4829 1183 4895 dubio
1206 4830 1391 4914 ponendum
1415 4833 1484 4894 erat
1511 4829 1741 4894 benevolum
1769 4851 1849 4893 cum
1879 4829 1991 4892 bene·

245 4936 341 5001 volo.
379 4937 592 5002 Goetaiannm
614 4937 844 5001 benivolens
863 4959 943 5002 sum
963 4937 1207 5002 benivolenti
1225 4959 1291 5002 non
1310 4941 1424 5022 aptum
1442 4939 1493 5001 est
1512 4936 1552 5000 ad
1570 4936 1655 5000 hunc
1672 4936 1788 5002 locum.
1816 4933 1866 5000 Ex
1885 4934 1992 5001 verbis

246 5042 336 5127 quia
358 5041 485 5127 perire
508 5043 614 5108 solus
637 5043 729 5107 nolo
756 5043 979 5129 unusquisque
1006 5043 1160 5109 facillime
1185 5044 1226 5108 ad
1253 5044 1352 5109 verba
1374 5043 1609 5108 benevolens
1634 5065 1715 5107 cum
1740 5043 1993 5111 benevolente

247 5154 354 5216 mente
378 5149 526 5235 adiungit
548 5150 647 5214 verba
669 5149 794 5235 perire
818 5151 916 5217 volo.
1673 5163 1680 5174 “
