4730 5754
1199 301 1222 370 4
1305 405 1316 412 .

331 516 391 584 666
422 510 494 584 hoc
525 531 601 583 non
634 510 755 584 solum
788 511 971 604 temporis
1005 512 1070 584 sed
1104 511 1221 584 etiam
1254 512 1368 604 spatii
1397 511 1597 608 angustiis,
1635 511 1938 606 quandoquidem
1967 510 1999 584 si
2026 511 2088 584 vel

330 651 473 726 omissa
500 654 789 749 argumentandi
813 653 1027 727 subtilitate
1052 655 1288 728 coniecturas
1312 677 1417 728 meas
1442 653 1489 725 ad
1513 653 1774 727 Curculionem
1799 653 2088 747 Asinariamque

330 794 564 887 pertinentes
597 794 871 888 ascripsissem,
903 798 1111 870 verendum
1144 803 1227 870 erat
1259 820 1306 870 66
1339 797 1449 892 longe
1483 795 1681 892 egrederer
1708 797 1802 870 fines
1830 795 2088 890 terminosque

330 936 419 1009 huic
447 936 643 1030 scriptioni
672 959 879 1011 concessos.

493 1079 596 1164 Quae
635 1079 751 1175 igitur
786 1081 956 1174 paranda
990 1086 1100 1153 erant
1132 1081 1179 1152 ad
1212 1081 1508 1174 componendam
1541 1080 1639 1154 hanc
1670 1081 1976 1154 dissertationem
2010 1081 2032 1155 i.
2060 1105 2090 1156 e.

332 1221 482 1295 fabulae
521 1229 699 1294 accurata
735 1222 904 1296 recensio
946 1222 1163 1297 examinato
1205 1222 1405 1319 diligenter
1444 1229 1631 1316 apparatu
1668 1223 1799 1296 critico
1835 1223 2089 1318 adhibitisque

332 1363 510 1438 subsidiis
539 1363 713 1438 omnibus
742 1388 839 1458 quae
867 1365 928 1438 vel
958 1365 1149 1457 superiore
1179 1365 1239 1438 vel
1268 1363 1477 1438 recentiore
1502 1371 1629 1438 aetate
1651 1364 1740 1437 huic
1762 1365 1912 1438 fabulae
1937 1367 2092 1438 admota

333 1513 423 1604 sunt¹
446 1506 494 1579 ab
517 1506 733 1580 hominibus
757 1507 893 1580 doctis:
918 1529 964 1580 ea
985 1507 1080 1580 scito
1103 1549 1147 1560 -
1170 1530 1400 1601 quamquam
1423 1507 1619 1592 nonnulla,
1643 1514 1687 1580 ut
1710 1529 1757 1580 aa
1778 1531 1875 1602 quae
1899 1507 2091 1601 disputavi

334 1649 381 1721 66
405 1671 556 1722 versum
582 1651 647 1736 62,
673 1651 722 1722 67
748 1672 826 1743 sqq.
850 1651 922 1721 166
949 1671 1029 1743 sqq.
1050 1650 1142 1736 204,
1168 1651 1260 1735 214,
1285 1650 1360 1722 327
1387 1671 1465 1742 sqq.
1487 1651 1579 1736 553,
1604 1653 1676 1723 653
1702 1650 1792 1737 alia,
1815 1673 1915 1724 6666
1939 1651 2091 1724 demum

335 1790 449 1864 celeri
476 1789 617 1886 ingenii
645 1796 753 1863 motu
786 1790 936 1864 adiecta
967 1797 1057 1864 sunt
1084 1833 1136 1844 —
1164 1812 1302 1887 magna
1332 1795 1463 1863 tamen
1496 1815 1542 1864 ex
1573 1797 1682 1884 parte
1714 1793 1791 1865 iam
1824 1792 1961 1866 abhinc
1993 1814 2092 1866 com·

334 1933 506 2026 pluribus
536 1931 643 2006 annis
672 1932 790 2006 fuisse
819 1931 1008 2007 absoluta:
1039 1932 1174 2006 ultima
1201 1933 1293 2005 lima
1319 1932 1490 2005 restabat
1518 1955 1563 2005 ac
1591 1933 1756 2026 scriptio.

361 2151 366 2162 ‚
496 2084 578 2169 Qua
604 2083 644 2156 in
672 2105 712 2155 re
740 2082 834 2156 illud
861 2084 1109 2157 vehementer
1137 2084 1247 2157 doleo
1274 2105 1409 2176 parum
1438 2083 1507 2156 otii
1535 2085 1629 2157 mihi
1657 2107 1877 2159 concessum
1905 2085 2021 2160 finisse
2046 2087 2093 2159 66

292 2329 296 2336 1
336 2225 566 2301 exarandam
595 2224 956 2299 commentationem
985 2225 1115 2319 ipsam.
1165 2227 1264 2298 Nam
1288 2232 1556 2321 praeterquam
1580 2227 1679 2321 quod
1704 2227 1805 2301 intra
1827 2227 2093 2302 brevissimum

335 2367 519 2461 temporis
548 2367 715 2461 spatium
744 2367 1013 2442 conscribenda
1031 2367 1119 2456 fuit,
1147 2368 1248 2440 haud
1272 2369 1348 2442 seio
1378 2391 1425 2441 an
1455 2368 1517 2442 vix
1545 2369 1625 2442 ulla
1651 2394 1831 2465 umquam
1858 2369 1928 2443 'sub
1951 2371 2093 2444 tristio-

336 2512 440 2585 ribus
474 2508 755 2584 condicionibus
788 2532 913 2582 rerum
946 2510 1239 2584 domesticarum
1267 2533 1381 2604 quam
1412 2511 1508 2585 haec
1540 2511 1624 2605 ipsa
1655 2519 1693 2584 et
1720 2511 1873 2606 incepta
1900 2513 1951 2586 sit
1978 2520 2020 2587 66
2047 2514 2094 2587 ad

337 2655 450 2728 finem
478 2653 671 2747 perducta.

498 2803 570 2878 Sed
603 2803 714 2877 video
748 2803 891 2878 diutius
924 2827 985 2878 me
1018 2827 1130 2898 quam
1163 2829 1232 2898 par
1260 2811 1319 2878 666
1355 2805 1394 2878 in
1428 2805 1647 2879 enarrandis
1675 2805 1788 2878 rebus
1816 2805 1911 2882 meis
1939 2807 2094 2882 morari:

339 2949 386 3021 66
415 2971 462 3021 66
489 2969 586 3041 quae
614 2945 655 3020 in
682 2947 754 3019 hac
782 2947 1102 3020 commentatione
1130 2947 1224 3019 mihi
1251 2949 1432 3040 proposui
1459 2947 1616 3022 festinat
1643 2947 1775 3022 oratio.

499 3105 669 3182 Emissae
694 3113 784 3180 sunt
807 3107 930 3181 adhue
953 3109 1157 3181 coniuncta
1180 3130 1297 3202 opera
1318 3108 1529 3182 recentium
1549 3107 1738 3182 editorum
1757 3109 1922 3204 quinque
1941 3111 2095 3184 omnino

339 3249 467 3323 Plauti
485 3249 635 3323 fabulae
654 3248 832 3342 Epidicus
852 3248 1025 3322 Curculio
1047 3250 1221 3324 Asinaria
1233 3250 1433 3323 Aulularia
1446 3250 1713 3338 truculentus,
1732 3275 1892 3345 quarum
1912 3252 2095 3327 maiorem

340 3397 489 3486 partem
518 3390 681 3464 confecit
704 3390 854 3487 Georgii
876 3391 1021 3466 (loetali
1050 3393 1203 3467 assidua
1230 3399 1282 3480 et,
1298 3392 1394 3466 acris
1424 3392 1630 3489 diligentia.
1684 3395 1770 3466 Non
1795 3400 1855 3468 est
1882 3394 1995 3470 huius
2024 3395 2097 3469 loci

341 3536 386 3608 66
415 3533 474 3606 his
503 3533 732 3607 editionibus
760 3533 940 3607 iudicium
969 3534 1107 3622 facere,
1135 3536 1360 3628 praesertim
1389 3557 1474 3607 cum
1497 3534 1676 3628 Epidicus
1700 3536 1836 3610 saltem
1860 3544 1900 3610 66
1924 3535 2099 3611 Curculio

341 3677 417 3749 iam
437 3676 564 3769 plures
589 3697 707 3749 annos
731 3675 907 3750 manibus
931 3698 1062 3750 eorum
1086 3677 1254 3751 omnium
1278 3682 1483 3751 teneantur
1506 3678 1642 3771 quibus
1666 3700 1778 3752 curae
1803 3685 1863 3754 est
1881 3679 2098 3752 absolutum

343 3841 437 3912 opus
464 3817 772 3894 Ritsehelianum.
826 3817 1031 3894 Praeterea
1062 3819 1271 3894 editionum
1303 3819 1513 3894 recentium
1546 3820 1695 3893 laudem
1725 3843 1772 3894 ex
1800 3821 1969 3895 omnium
1998 3823 2099 3895 eriti-

344 3983 473 4035 eorum
510 3959 658 4034 iudiciis
694 3960 803 4036 facile
842 3984 1033 4058 agnoscas.
1089 3963 1168 4037 Nee
1205 3986 1266 4037 me
1303 3962 1475 4057 paenitet
1506 3964 1677 4056 profiteri
1708 3964 1872 4038 maximo
1905 3987 1965 4038 me
2000 3965 2099 4040 affici

343 4103 495 4200 gaudio,
522 4102 835 4198 quotiescumque
860 4127 906 4180 ex
929 4107 1074 4180 nuntiis
1101 4105 1372 4180 Teubnerianis
1401 4105 1568 4198 comperi
1595 4104 1761 4179 fabulam
1785 4106 1953 4202 aliquam
1971 4107 2100 4182 Plauti

344 4245 591 4320 Ritscheliani
610 4246 716 4319 brevi
734 4245 775 4319 in
792 4248 915 4322 lucem
934 4249 1180 4342 prodituram.
1200 4249 1364 4324 Excitat
1383 4248 1484 4322 enim
1503 4247 1717 4321 fabularum
1736 4249 1857 4322 adhuc
1876 4251 2100 4326 emissarum

344 4393 523 4482 prompta
550 4388 725 4462 celeritas
754 4413 860 4483 spem
888 4391 1143 4466 firmissimam
1171 4392 1251 4465 fore
1279 4397 1324 4464 ut
1356 4391 1572 4466 intermisso
1604 4391 1731 4484 aliquo
1764 4392 1947 4485 temporis
1975 4394 2100 4486 spatio

346 4530 393 4604 ad
421 4532 536 4604 finem
564 4530 792 4622 perducatur
820 4533 944 4627 prima
971 4534 1087 4609 editio
1116 4535 1248 4609 critica
1275 4539 1411 4628 poetae
1441 4533 1654 4608 Sarsinatis.

507 4689 589 4774 Qua
625 4692 763 4766 emissa
795 4693 950 4768 dubium
984 4719 1060 4769 non
1093 4703 1152 4770 est
1185 4695 1275 4790 quin
1307 4693 1435 4767 studia
1461 4692 1639 4766 Plautina
1665 4716 1712 4766 ne
1741 4717 1841 4767 nunc
1869 4694 2022 4788 quidem
2050 4695 2102 4766 ia-

348 4831 476 4906 centia
506 4832 692 4927 impetum
725 4843 926 4930 sumptura
958 4839 1034 4912 sint
1068 4837 1307 4924 acerrimum,
1340 4837 1373 4911 si
1406 4836 1556 4932 quando
1583 4835 1740 4909 habebis
1768 4835 1834 4909 ubi
1861 4837 2022 4910 firmiter
2049 4837 2103 4910 in-

349 4975 461 5048 sistas
481 4998 604 5069 neque
624 4999 756 5074 cogere
777 4979 823 5050 66
843 4981 1000 5054 alterius
1016 4981 1208 5053 Pareanae
1229 4987 1455 5073 apparatum
1475 4978 1675 5075 confingere
1693 4977 1795 5050 haud
1814 5000 1900 5052 raro
1918 4980 2103 5054 fallacem.

349 5116 454 5192 Unde
483 5115 595 5191 simul
623 5119 717 5192 illud
745 5121 979 5220 intellegitur
1008 5122 1217 5215 optandum
1245 5145 1466 5218 essequam
1490 5119 1670 5208 maxime,
1699 5128 1743 5194 66
1764 5122 1995 5216 posthabitis
2020 5122 2105 5198 aliis
