4730 5754
1134 241 1183 312 29

286 485 319 505 ·=
343 450 426 517 nihil
453 426 679 536 peccaverunt,
707 455 765 514 aut
786 453 824 514 ut
847 450 1033 516 adverbium
1057 451 1230 533 scribatur,
1254 449 1339 534 quod
1361 448 1500 514 fortasse
1524 449 1768 534 praeferendum
1791 441 1931 536 ridetur,
1953 452 2039 517 huuc

286 559 319 624 in
343 557 474 624 modum

605 644 666 712 Nil
690 667 827 711 vereor
850 645 1190 730 obndxiossc.l‡frtoto
1215 667 1312 730 opere
1334 645 1546 710 arbitrrtmiuo

193 789 195 792 ’
288 790 463 855 obnoxiosc
479 821 512 840 ==
527 788 654 871 timide,
672 787 811 872 trepide,
830 811 926 873 quam
946 788 1215 873 significationem
1234 792 1266 851 et
1281 787 1445 852 obnoxie
1460 793 1493 852 et
1507 788 1719 853 obnoxiose
1734 789 1803 854 sine
1818 789 1915 854 dubio
1929 790 2038 856 babet.

445 895 485 961 V.
511 896 573 960 799
601 895 772 978 maligno
801 893 1042 981 Scaligeranum
1077 917 1141 959 nou
1175 895 1291 978 placet.
1337 893 1445 978 Atque
1475 898 1572 960 antea
1603 895 1815 979 ascripserem
1845 918 1967 981 neque
1995 919 2038 962 eo

287 1003 461 1088 indiguo,
485 1002 523 1066 de
548 1023 610 1086 quo
635 1001 733 1065 etiam
754 1001 936 1084 Wagnerus
960 1001 1132 1086 cogitavit,
1156 1023 1240 1064 nunc
1264 1005 1372 1065 autem
1396 999 1478 1065 mihi
1500 1000 1707 1086 aptissimum
1725 1001 1801 1066 huic
1819 1001 1890 1067 loco
1909 1003 2038 1068 videtur

289 1109 436 1195 Ussingii
458 1131 578 1193 neque
609 1108 707 1173 malo
736 1107 883 1172 homiui
912 1131 1032 1193 neque
1063 1108 1159 1172 bono
1191 1113 1307 1192 gnato
1339 1112 1404 1171 tuo
1435 1107 1521 1172 dedi
1549 1106 1816 1193 Strettipocli,
1840 1131 2037 1194 quamquam

287 1217 399 1281 malim
422 1215 633 1300 transpositis
658 1213 763 1278 verbis
786 1236 907 1298 neque
934 1215 1033 1278 bono
1062 1219 1127 1278 tuo
1156 1218 1272 1299 gnato
1296 1214 1325 1279 d.
1344 1212 1374 1279 S.

446 1322 486 1387 V.
503 1319 571 1386 714
594 1322 663 1385 sine
682 1321 769 1384 iusta
788 1342 902 1384 caussa
925 1343 999 1385 uon
1022 1307 1084 1404 pol
1107 1325 1291 1385 temerest
1314 1321 1444 1406 scripsit
1463 1319 1624 1404 Goetaius.
1661 1317 1747 1385 Nam
1771 1322 1899 1386 etiamsi
1922 1327 2038 1387 teme-

289 1435 369 1496 rest
393 1429 538 1516 pauculis
562 1429 629 1492 illis
654 1428 747 1511 locis,
770 1427 824 1490 ubi
849 1427 1010 1491 invenitur
1039 1428 1123 1512 apud
1152 1428 1305 1510 comicos,
1334 1427 1478 1492 subiecto
1506 1432 1606 1513 caret,
1635 1449 1698 1512 quo
1726 1432 1835 1492 tamen
1865 1429 1934 1493 iure
1963 1451 2037 1494 con-

288 1538 419 1603 tendere
443 1537 530 1601 ausis
554 1535 735 1599 subiectum
758 1535 940 1598 necessario
965 1535 1096 1600 deesse?
1133 1533 1305 1602 Praeterea
1328 1557 1364 1599 ex
1385 1534 1532 1600 Muelleri
1557 1534 1664 1599 verbis
1688 1535 1819 1599 omniuo
1838 1557 1903 1600 non
1923 1536 2039 1622 elucet,

288 1669 365 1710 num
380 1644 441 1709 boc
456 1643 526 1709 loco
542 1640 640 1706 scribi
653 1640 764 1705 iubeat
777 1662 851 1704 non
864 1641 928 1724 pol
943 1645 1135 1706 temerest.
1168 1640 1256 1705 Dicit
1271 1641 1495 1706 tantummodo
1510 1639 1698 1706 Terentium
1714 1641 1745 1705 iu
1762 1639 1957 1708 Phormione
1972 1643 2036 1708 998

289 1751 395 1818 verbis
418 1771 491 1815 non
514 1750 578 1834 pol
602 1752 786 1814 temerest
808 1770 902 1810 usum
925 1770 1003 1812 esse.

447 1857 486 1921 lu
510 1857 572 1920 fine
595 1855 725 1920 fabulae
750 1855 925 1918 724-727
952 1863 984 1918 et
1009 1856 1183 1920 728-731
1211 1855 1279 1919 sine
1303 1855 1400 1919 dubio
1424 1854 1572 1940 paralleli
1596 1860 1733 1918 sunt-
1758 1854 1790 1918 id
1815 1855 1900 1939 quod
1924 1857 1975 1920 vel
1999 1880 2037 1921 er

289 1965 382 2029 initio
406 1985 556 2027 versuum
582 1963 645 2026 724
669 1966 702 2025 et
726 1962 788 2024 728
814 1961 908 2045 plane
938 1961 1076 2046 gemello
1108 1961 1314 2046 cognoscitur
1345 1962 1515 2026 manifesto
1542 1997 1576 2007 —
1598 1962 1653 2026 ita
1683 1961 1813 2046 quidem
1844 1966 1880 2026 ut
1911 1961 1986 2026 724
2006 1967 2038 2027 et

289 2071 344 2155 qui
374 2075 553 2153 sequuntur
582 2073 696 2152 postea
726 2090 783 2152 pro
815 2067 878 2130 729
899 2090 975 2152 sqq,
993 2068 1135 2132 adiectos
1166 2089 1235 2132 esse
1264 2068 1446 2134 existimem
1475 2068 1515 2131 ad
1545 2068 1792 2133 similitudinem
1821 2066 1971 2155 Poenuli,
1999 2069 2037 2134 de

288 2177 378 2240 cuius
401 2176 531 2240 fabulae
555 2174 674 2257 duplici
699 2173 788 2239 exitu
811 2173 882 2237 vide
906 2174 1168 2240 dissertationem
1190 2195 1296 2238 meam
1320 2173 1407 2257 bips.
1425 2171 1724 2239 Mococuxvssr.

447 2281 486 2346 V.
507 2282 567 2345 721
600 2280 656 2343 ubi
686 2284 816 2345 auctore
839 2278 951 2344 Brixio
976 2279 1130 2346 Goetzius
1158 2279 1289 2363 scripsit
1319 2280 1367 2344 mi
1395 2281 1570 2346 evenisse
1601 2303 1658 2364 pro
1690 2281 1846 2345 librorum
1877 2283 2038 2366 scriptura

289 2389 491 2473 meruisse,
515 2388 699 2472 Wagnerus
723 2409 798 2452 rem
822 2387 978 2470 tulisse,
1001 2409 1086 2450 nam
1110 2387 1298 2450 meruisse
1322 2386 1373 2449 vel
1397 2386 1672 2452 commeruisse
1696 2388 1747 2452 vel
1772 2388 1827 2452 sic
1850 2389 2037 2454 meruisse

289 2495 359 2578 alii,
383 2515 443 2579 ego
468 2516 612 2579 propono
1219 2555 1226 2568 ,

616 2581 699 2658 Quid
723 2582 778 2647 is'ti
802 2582 903 2648 oratis
927 2585 1022 2666 ripere
1046 2583 1159 2647 tanto?
1182 2585 1290 2666 quem
1314 2583 1469 2646 meruisse
1493 2582 1648 2666 intellego

607 2686 662 2755 'Ut
685 2690 781 2754 liceat
805 2690 920 2753 merito
943 2689 1039 2752 buius
1063 2688 1176 2753 facere.

448 2817 484 2880 ln
509 2817 668 2900 apparatu
692 2837 720 2878 v.
740 2815 801 2877 727
829 2814 867 2878 de
890 2813 1010 2878 codicis
1036 2812 1243 2876 Ambrosiani
1268 2813 1428 2896 scriptura
1455 2836 1520 2878 non
1549 2813 1711 2880 docebere.
1755 2813 1841 2881 Nam
1869 2817 1945 2901 quid
1973 2817 2037 2881 sibi

290 2924 404 2988 volunt
429 2921 525 2988 verba
552 2921 704 3006 ttabeas
727 2922 880 3002 quartat?
918 2919 1041 2995 Quibus
1061 2919 1167 2984 verbis
1192 2918 1219 2982 si
1239 2919 1422 3002 significare
1446 2921 1550 2984 voluit
1570 2919 1716 2985 Loewius
1736 2921 1876 3006 quinque
1895 2927 2037 2987 tantum-

290 3029 384 3093 modo
408 3029 589 3094 littersrum
614 3031 742 3112 praeter
764 3049 920 3112 personae
944 3026 1086 3111 spatium
1109 3025 1214 3090 inesse
1238 3026 1271 3090 in
1297 3023 1340 3109 A,
1364 3049 1421 3090 cur
1443 3027 1503 3091 hoc
1527 3028 1633 3112 ipsum
1657 3051 1720 3092 nou
1745 3027 1847 3095 dixit‘l
1884 3027 2037 3094 Fortasse

290 3140 398 3199 autem
423 3137 452 3198 A
476 3136 644 3218 hocloco,
669 3135 717 3198 uti
741 3156 848 3218 saepe,
871 3133 943 3197 vide
967 3133 1060 3217 Epid.
1079 3156 1105 3196 v⁴
1130 3136 1144 3196 1
1172 3136 1204 3196 et
1228 3133 1256 3216 7,
1281 3155 1435 3216 personae
1459 3134 1601 3217 spatium
1624 3157 1688 3198 non
1713 3134 1825 3220 habet,
1852 3138 1889 3198 ut
1912 3141 2037 3221 septem

290 3243 419 3306 litterae
442 3243 530 3306 vocis
555 3242 726 3324 dabitur,
750 3263 847 3326 quam
871 3241 987 3324 reliqui
1012 3238 1133 3304 babent
1156 3238 1295 3323 codices,
1319 3261 1449 3322 prorsus
1473 3239 1662 3324 congruant

450 3349 550 3413 Versu
577 3347 691 3412 ultimo
720 3346 887 3432 porgite,
916 3369 1011 3431 quam
1041 3368 1133 3410 suam
1161 3367 1231 3410 esse
1262 3345 1478 3411 coniecturum
1503 3347 1581 3410 dicit
1604 3346 1772 3431 Goetzius,
1794 3347 1860 3411 iam
1884 3370 1903 3412 a
1925 3347 2038 3414 Dousa

291 3477 361 3519 esse
391 3455 595 3539 propositum
625 3459 710 3519 recte
741 3453 969 3518 animadvertit
998 3452 1191 3538 Wagnerus,
1223 3451 1277 3516 sed
1308 3452 1406 3516 etiam
1438 3475 1476 3516 ex
1507 3454 1683 3517 recentium
1714 3454 1873 3518 editorum
1904 3475 2037 3519 numero

291 3561 434 3626 Weisius
459 3561 491 3624 in
517 3561 656 3625 editione
682 3561 779 3624 babet
802 3560 964 3644 porgite.
