4730 5754
1220 282 1266 354 18

368 493 419 555 sat
442 488 588 574 ineptum
613 511 682 554 esse
706 490 846 556 libenter
869 491 1021 574 concedo,
1043 490 1091 554 ita
1114 511 1172 575 per
1194 511 1228 554 ee
1251 490 1372 554 falsum
1395 513 1466 556 esse
1488 512 1583 576 nego.
1629 490 1783 577 Suspicor
1806 494 1915 557 autem
1938 513 1979 556 ue
2001 513 2116 562 unus·

369 596 532 681 quisque
561 597 688 680 quidem
714 619 825 662 verum
850 620 933 682 esse,
961 597 1016 662 sed
1046 596 1209 681 quisque
1233 597 1886 683 00000100000001001010011101000
1910 619 1989 664 esse.
2034 597 2118 675 Quid

367 702 573 792 scribendum
596 704 640 769 sit
663 704 835 788 incertum,
858 725 918 790 ego
942 703 1139 768 conieceram

694 828 776 892 Tum
801 829 1003 913 captivorum
1026 827 1103 912 quid
1126 829 1247 892 ducunt
1270 829 1379 893 secum
1394 853 1401 893 :
1415 850 1545 914 pueros,
1568 826 1710 914 virgines

685 931 773 1002 'Alii
796 934 905 1020 binos,
927 938 1039 1000 ternos
1063 933 1211 1001 alii.f1't
1233 957 1406 1001 concursus
1430 938 1488 1021 per
1509 936 1588 1000 vias.

367 1057 546 1125 Credebam
560 1060 646 1126 enirn
666 1060 735 1125 alii
754 1060 786 1124 10
806 1059 905 1124 01100
925 1063 1087 1124 mutatum
1106 1083 1186 1145 esse,
1200 1065 1373 1146 postquem
1393 1061 1554 1146 quisque
1573 1083 1611 1125 ex
1626 1081 1719 1125 versu
1735 1065 1888 1146 sequente
1902 1061 1966 1126 huc
1978 1061 2118 1147 irrepsit.

525 1166 831 1234 1121111001]οή
855 1167 935 1232 suis
960 1189 1131 1253 quaeque
1155 1166 1206 1232 iti
1231 1165 1484 1252 amatoribus,
1508 1165 1592 1252 quod
1616 1167 1738 1262 recepit
1758 1167 1925 1249 (taetrius,
1951 1168 2030 1234 ferri
2052 1191 2117 1234 000

366 1295 461 1358 posse
489 1274 553 1338 iam
582 1274 784 1338 intellectum
814 1278 863 1338 est
890 1297 910 1338 a
934 1273 1097 1339 Gulielmo
1122 1272 1287 1358 Wagnero
1310 1275 1345 1338 10
1368 1272 1496 1358 Epidici
1521 1295 1656 1339 censura
1683 1273 1832 1348 (biterar.
1853 1273 2014 1342 Oentralbl.
2035 1281 2117 1342 1679

358 1403 393 1462 p.
412 1383 504 1468 338),
535 1380 591 1465 001
620 1403 684 1445 000
709 1381 793 1445 male
824 1379 1041 1465 corruptelam
1071 1381 1105 1446 in
1135 1379 1376 1445 amatoribus
1407 1380 1566 1446 vocabulo
1597 1381 1813 1465 quaerendam
1843 1403 1913 1448 esse
1943 1382 2116 1447 iudicabat.

365 1487 413 1551 Ac
426 1488 533 1572 possis
547 1488 685 1552 sortasse
701 1487 844 1553 conicere
860 1487 1164 1573 adamatoribus,
1187 1488 1265 1552 11001
1283 1487 1488 1552 ademundi
1503 1488 1635 1552 verbum
1655 1487 1689 1552 in
1706 1487 1825 1553 sabulis
1845 1488 2004 1553 Plautinis
2025 1511 2115 1554 nnm-

365 1616 463 1679 quam
490 1594 680 1659 inveniatur.
726 1591 775 1658 Er
800 1616 863 1678 000
887 1594 969 1659 11101
992 1617 1049 1679 per
1073 1617 1107 1658 se
1126 1615 1324 1680 consequens
1348 1617 1413 1660 non
1436 1599 1488 1660 est
1510 1594 1580 1659 eius
1603 1593 1693 1660 verbi
1717 1617 1810 1660 usum
1835 1618 1854 1660 a
1875 1594 1994 1660 Planta
2017 1595 2116 1661 fuisse

365 1701 515 1767 alienum.
557 1699 679 1766 Verum
702 1699 789 1764 baud
814 1701 880 1765 scio
904 1723 946 1765 an
970 1723 1143 1786 quaeque
1166 1702 1282 1766 vocula
1305 1701 1415 1785 potins
1440 1701 1484 1766 sit
1507 1705 1668 1786 corrupta.
1709 1699 1816 1765 Notus
1840 1707 1890 1765 est
1913 1704 2017 1767 rarior
2039 1725 2115 1767 usus

365 1807 453 1872 verbi
478 1807 657 1893 quisquis
680 1829 739 1893 pro
763 1807 925 1891 quisque
948 1808 1063 1892 positi,
1085 1806 1400 1874 vicocecorum
1421 1830 1445 1873 0.
1466 1810 1494 1893 7,
1520 1810 1552 1872 1:
1575 1807 1609 1872 in
1633 1807 1744 1872 eodem
1768 1807 1867 1872 fundo
1892 1831 1985 1873 suum
2010 1809 2116 1894 quid·

364 1913 456 1998 0011
488 1915 614 1980 conseri
638 1917 780 1999 oportet3
809 1936 834 1978 c.
852 1915 911 1978 40:
935 1937 1030 1979 suum
1052 1915 1241 2000 quidquid
1270 1937 1371 2000 genus
1395 1915 1555 1980 talearum
1579 1916 1686 1998 serito,
1709 1913 1761 1989 vel
1784 1915 1896 2000 ipsine·
1907 1914 2015 1981 Plauti
2029 1915 2117 1982 Trin.

364 2043 392 2086 v.
413 2021 474 2086 881
500 2044 614 2087 unum
647 2020 842 2107 00110011.
890 2019 988 2086 Plura
1013 2021 1160 2108 exempla
1189 2022 1244 2106 qui
1274 2021 1437 2087 desideret
1464 2022 1561 2086 adeat
1586 2019 1727 2086 Neuium
1750 2021 1967 2086 Formarum
1988 2024 2042 2087 der
2065 2023 2117 2088 lat.

363 2127 497 2210 Spracbe
514 2129 570 2194 001.
585 2127 627 2192 II
633 2151 668 2212 p.
683 2133 745 2192 179
759 2149 801 2210 00.
827 2127 897 2193 Νο0
915 2129 1021 2194 minus
1041 2136 1164 2214 notum,
1186 2129 1236 2194 uti
1256 2129 1419 2214 quisque
1439 2128 1537 2194 etiam
1558 2129 1596 2193 10
1611 2128 1766 2193 feminino
1781 2129 1900 2192 dicitur
1918 2129 1961 2213 (v.
1978 2128 2115 2194 Poenuli

363 2235 443 2320 prol.
465 2235 651 2300 107010010
675 2235 859 2300 meretrices
882 2234 1119 2320 0110010000
1142 2236 1295 2301 habitant
1313 2235 1438 2300 invenit
1457 2235 1496 2300 01.
1514 2234 1631 2299 Ρο001.
1652 2231 1741 2320 185);
1762 2235 1807 2299 010
1831 2235 2007 2319 00100010
2029 2235 2115 2301 baud

366 2363 437 2406 raro
463 2341 501 2406 de
525 2342 660 2408 muliere
684 2365 756 2407 cum
779 2341 819 2407 ab
845 2342 917 2406 aliis
938 2343 1043 2427 poetis
1063 2344 1218 2408 scaenicis
1237 2348 1306 2408 tum
1327 2342 1367 2406 ab
1387 2341 1458 2426 ipso
1479 2341 1595 2406 Plauto
1615 2341 1737 2406 dictum
1762 2363 1832 2407 0000
1857 2339 2020 2426 (exempla
2042 2341 2114 2408 vide

367 2448 452 2532 apud
472 2447 614 2513 Neuium
633 2472 665 2533 p.
690 2449 751 2514 178
773 2451 806 2512 01
823 2447 991 2513 Holtzium
1016 2453 1100 2533 synt.
1120 2450 1229 2534 script.
1248 2448 1304 2514 lat.
1324 2447 1420 2514 roll
1445 2471 1474 2532 p.
1494 2445 1582 2534 376).
1628 2447 1845 2524 Quamobrem
1868 2470 1934 2514 non
1957 2449 2113 2514 dissimile

364 2559 414 2619 est
442 2555 510 2619 veri
538 2556 637 2621 etiam
665 2555 842 2641 quisquis
870 2577 927 2640 pro
957 2578 1128 2640 quaeque
1152 2554 1261 2620 Plauti
1290 2559 1396 2620 aetate
1420 2560 1613 2639 usurpatum
1636 2577 1715 2620 esse.
1761 2553 1855 2631 Quod
1878 2555 1906 2618 si
1929 2578 2040 2620 verum
2065 2561 2114 2620 est

365 2659 461 2727 liceat
484 2663 538 2727 bic
561 2662 718 2749 suspicari

681 2782 828 2852 'Obviam
852 2793 985 2852 ornatae
1009 2787 1219 2852 decurrebant
1242 2786 1309 2852 suis
1334 2786 1511 2872 quisquis
1534 2784 1744 2852 amatdribus.

521 2912 560 2978 V.
575 2913 641 2976 215
660 2934 707 2998 00.
722 2934 760 2976 ex
780 2911 959 2996 posteriore
982 2913 1171 2977 recensione
1191 2911 1348 2976 traditum
1373 2910 1465 2976 deleo
1489 2933 1562 2976 cum
1581 2911 1781 2976 Dalatalrone
1799 2909 1914 2976 1000ον
1932 2913 2112 2978 Littercatur-

362 3019 484 3102 aeitunp
507 3025 591 3085 1879
608 3041 642 3102 p.
661 3023 727 3092 238
750 3023 782 3082 et
805 3017 972 3103 Wagnero
996 3017 1015 3082 l.
1035 3041 1059 3082 s.
1079 3041 1112 3102 s.,
1136 3017 1191 3103 qui
1215 3023 1324 3082 tamen
1346 3017 1431 3082 falso
1456 3017 1494 3083 de
1519 3019 1716 3114 glossemate
1740 3018 1872 3102 cogitat.

524 3125 564 3213 V.
582 3127 647 3190 225
666 3125 768 3189 verba
789 3123 879 3208 quid
903 3125 1006 3189 istuc
1028 3129 1104 3190 tam
1124 3124 1346 3190 mirabilest
1364 3129 1398 3190 et
1416 3146 1498 3210 quae
1518 3129 1696 3210 sequuntur
1714 3147 1816 3210 00000
1835 3125 1875 3189 01
1894 3124 1959 3189 235
1976 3123 2111 3210 Epidico

241 3251 243 3256 ’
362 3254 428 3298 000
451 3232 607 3319 Apoecidi
630 3237 707 3297 sunt
728 3229 1021 3316 tribuenda,‘qu0d
1044 3231 1183 3316 praeivit
1206 3231 1354 3296 Botbius.

521 3337 560 3404 V.
579 3341 642 3404 227
668 3344 701 3404 01
724 3339 788 3404 228
812 3338 1021 3403 addubitatos
1043 3360 1113 3404 esse
1139 3362 1158 3403 a
1179 3339 1341 3424 Gepperto
1361 3373 1404 3384 -
1422 3337 1561 3403 fortasse
1584 3343 1670 3402 recte
1690 3338 1785 3403 -in
1808 3342 1964 3422 apparatu
1983 3357 2113 3402 monere

364 3445 475 3511 debuit
499 3445 661 3512 Goetzius.
2096 3429 2100 3436 ⁴

522 3551 1028 3618 1229-23511001001000
1051 3574 1117 3616 000
1142 3574 1254 3618 omnes
1273 3552 1314 3616 ad
1339 3552 1471 3618 eandem
1491 3553 1707 3637 pertinuerint
1724 3551 1950 3617 recensionem.
1996 3542 2111 3628 Quam·
2191 3603 2192 3606 ¹

364 3682 460 3744 quam
484 3659 518 3724 10
545 3659 633 3725 hisce
661 3658 770 3738 rebus,
787 3659 840 3724 vix
870 3659 948 3723 licet
978 3658 1153 3744 quidquam
1184 3682 1243 3744 pro
1274 3663 1362 3725 certo
1386 3659 1561 3743 affirmare,
1584 3681 1644 3744 ego
1669 3658 1857 3724 crediderim
1880 3681 1909 3723 v.
1929 3657 2110 3722 229-232

364 3768 403 3831 ad
427 3766 524 3830 aliam
548 3766 675 3832 fabulae
700 3766 861 3832 actionem
884 3765 1025 3830 adiectos
1051 3787 1120 3831 esse
1144 3771 1241 3851 atque
1265 3767 1338 3831 234.

522 3873 560 3939 10
590 3877 749 3959 apparatu
772 3896 800 3937 v.
820 3873 899 3957 245,
927 3873 984 3936 ubi
1014 3872 1211 3938 dissentiunt
1240 3873 1327 3938 inter
1355 3895 1389 3937 00
1419 3869 1591 3938 Ritschelii
1620 3878 1653 3939 et
1681 3872 1801 3938 Loewii
1832 3872 1871 3936 10
1894 3870 2111 3936 Ambrosiano

346 3979 561 4076 testimonia,
584 4002 721 4066 aequum
745 3984 814 4045 erat
837 4002 1089 4045 commemorare
1113 3980 1210 4044 etiam
1236 3979 1433 4065 Geppertum
1459 3981 1493 4045 10
1516 3981 1547 4045 A
1571 3980 1690 4065 legisse
1712 3977 1970 4046 ILLI...ILLl.

522 4086 561 4151 V.
581 4089 646 4152 252
668 4086 769 4152 habes
797 4087 931 4152 testium
959 4087 998 4152 de
1022 4087 1055 4152 B
1082 4086 1190 4152 001100
1219 4087 1477 4173 discrepantiam.
1522 4087 1696 4171 Ussingius
1720 4107 1802 4150 cnm
1832 4090 1975 4150 extremo
2004 4083 2111 4149 versui

364 4192 511 4258 additum
539 4215 610 4258 esse
639 4194 794 4278 aliirmat,
821 4191 903 4258 nihil
933 4193 970 4258 de
998 4195 1060 4258 hac
1087 4216 1120 4258 re
1150 4193 1296 4258 continet
1319 4199 1493 4278 apparatus
1517 4192 1656 4278 Goetzii,
1684 4215 1722 4258 ex
1746 4215 1810 4277 000
1833 4215 1873 4258 00
1896 4191 1959 4256 hoc
1981 4190 2110 4276 quidem

364 4321 554 4384 cognoscas,
577 4305 685 4365 utrum
710 4301 835 4364 codices
860 4323 945 4364 enm
963 4300 1106 4365 habeant
1127 4322 1226 4366 necne
1249 4299 1401 4365 babeant.
1446 4297 1632 4365 Verisimile
1656 4305 1706 4364 est
1728 4300 1790 4365 hoc
1812 4299 1883 4364 loco
1906 4303 1992 4364 recte
2016 4298 2054 4364 de
2077 4298 2111 4362 B

364 4407 478 4471 testari
498 4405 703 4492 Ussinginm,
726 4429 807 4472 cum
830 4407 863 4470 in
887 4406 959 4490 ipsa
979 4429 1106 4492 quoque
1124 4407 1270 4472 Pareana
1288 4429 1370 4472 eum
1393 4405 1495 4490 priori
1515 4406 1622 4471 versui
1640 4405 1801 4472 adiectum
1820 4405 1978 4489 invenias,
2001 4427 2110 4490 quam·

364 4536 461 4598 quam
485 4513 681 4578 testimoniis
701 4512 908 4600 Ussingianis
932 4537 996 4578 non
1015 4514 1151 4578 nimium
1171 4537 1241 4579 esse
1259 4513 1336 4578 fidei
1354 4512 1537 4578 habendum
1557 4513 1667 4577 docuit
1685 4511 1858 4576 Lorenrius
1878 4507 1973 4576 Burs.
1987 4510 2111 4577 Jatres-

363 4620 475 4684 bertold
498 4621 552 4684 001.
573 4619 661 4684 VIII
683 4626 765 4686 1881
782 4643 815 4703 p.
838 4627 884 4684 71.
932 4620 1005 4684 Nisi
1033 4643 1103 4685 cunr
1129 4619 1248 4685 B0tbio
1277 4642 1358 4684 eum
1386 4624 1463 4704 post
1486 4624 1686 4703 argentum
1710 4616 1884 4683 collocabis
1908 4621 1965 4682 aut
1988 4618 2109 4683 delebis

363 4750 445 4792 eum
466 4729 668 4811 argentum
686 4727 751 4794 ictu
772 4727 833 4791 erit
852 4727 1069 4810 afficiendum,
1088 4731 1124 4791 ut
1144 4749 1225 4790 eum
1244 4747 1377 4810 prorsus
1397 4731 1576 4791 evanescat.
1612 4721 1761 4790 Fortasse
1780 4729 1887 4788 tamen
1908 4723 2111 4790 scribendum

681 4865 871 4956 'Argentum
897 4892 935 4934 se
959 4873 1110 4953 sumpse
1134 4869 1220 4954 apud
1242 4868 1371 4934 Thebas
1395 4869 1436 4932 ab
1459 4866 1589 4932 danista
1610 4867 1750 4932 faenore.

523 5011 562 5078 V.
581 5013 645 5078 253
668 5012 813 5097 praefero
839 5010 993 5096 Gepperti
1017 5011 1210 5095 scripturam
1240 5011 1277 5075 11
1309 5015 1484 5095 paratum
1514 5031 1596 5074 esse
1627 5014 1664 5073 01
1694 5005 1739 5072 ob
1767 5029 1847 5072 eam
1875 5028 1966 5092 rem,
1996 5006 2111 5072 101010

363 5117 469 5184 scribo
492 5119 624 5185 hercle
647 5141 715 5206 ego
739 5118 876 5204 occidi,
904 5119 989 5204 quod
1015 5118 1148 5184 Goetaio
1172 5140 1300 5203 quoqne
1323 5118 1357 5182 iu
1379 5121 1521 5190 mentem
1545 5117 1644 5181 venit.
