4730 5754
1064 280 1265 392 „li-„-

440 488 480 584 11.
500 489 564 555 398
588 511 653 555 non
676 489 847 574 intellego,
872 511 926 554 cur
949 489 1053 554 intro
1077 512 1137 554 sua
1159 490 1235 554 sede
1258 487 1495 554 exturbandum
1517 489 1576 574 sit,
1600 491 1738 574 quodsi
1760 489 2036 576 propter-hiatum

280 594 404 660 factum
428 595 530 660 sitin
552 589 831 661 interiectionibus
856 595 1173 680 frequentissimum,
1194 596 1276 660 nihil
1297 595 1451 682 impediet
1475 595 1553 682 quin
1576 595 1737 662 scribatur

601 754 664 822 Sed
688 759 776 821 trite
798 755 882 821 hanc
905 756 1018 820 iubeas
1041 754 1128 821 intro
1153 754 1424 860 abducilssheus
1447 756 1527 822 heris
1551 754 1637 821 foras

280 915 415 980 iubeas
439 938 497 1000 pro
522 917 556 981 B
574 916 735 1001 scriptura
757 916 895 982 lubens
919 917 1006 982 malo
1030 939 1126 1002 quam
1150 915 1307 981 iubesis.
1340 915 1378 982 cl.
1397 939 1425 983 v.
1440 916 1518 1002 301,
1541 915 1597 980 ubi
1621 939 1638 982 1
1661 917 1823 984 contrario
1843 940 1860 983 a
1878 917 2035 984 librorum

280 1021 441 1107 scriptura
464 1022 599 1089 iubeas
622 1023 804 1089 faciendum
828 1029 878 1088 est
900 1024 1048 1089 lubens.

438 1127 478 1195 V.
497 1131 564 1194 404
597 1129 750 1211 Goetzius
773 1130 896 1216 recepit
919 1129 1123 1215 probabilem
1149 1128 1350 1195 Fleckeiseni
1374 1129 1592 1195 coniecturam
1615 1146 1821 1214 numquam
1840 1131 1957 1196 nimie
1975 1154 2034 1219 pro

279 1235 438 1300 librorum
466 1235 627 1322 scriptura
654 1260 742 1303 num
768 1235 895 1302 nimis.
940 1236 1013 1323 Ego
1042 1237 1082 1300 ed
1110 1237 1196 1302 hunc
1223 1236 1328 1302 locum
1359 1239 1590 1302 annotaveram
1614 1235 1699 1322 quod
1723 1237 1857 1303 eandem
1880 1239 1916 1304 ni
1937 1238 2035 1304 fallor

279 1341 379 1408 habet
401 1341 719 1410 verisimilitudinem

1196 1433 1382 1518 numquis
1406 1430 1503 1498 nimis
1527 1437 1637 1519 potest

599 1531 795 1607 Pudicitiam
816 1561 981 1624 umquam
1005 1543 1083 1604 suae
1107 1562 1235 1606 servare
1257 1535 1371 1604 filiae?

280 1679 440 1748 Similiter
462 1679 646 1769 Wagnerus
669 1683 703 1748 in
726 1705 862 1748 censura
885 1682 1026 1768 Epidioi,
1049 1683 1105 1768 qui
1128 1687 1239 1748 tamen
1261 1682 1388 1748 omittit
1411 1701 1596 1766 umquam.

438 1805 479 1874 V.
498 1808 562 1871 409
587 1829 660 1873 oum
685 1809 849 1893 Gepperto
869 1807 974 1872 scribo
998 1807 1169 1894 planum,
1191 1781 1265 1873 vide
1288 1807 1387 1872 etiam
1412 1804 1506 1892 capt.
1524 1807 1599 1874 564.

438 1930 477 1995 V.
495 1931 559 1996 421
584 1933 726 1998 nondum
751 1936 801 1998 est
824 1937 967 1998 sanatus.

437 2054 478 2121 V.
497 2055 560 2120 427
586 2055 731 2122 codicum
756 2057 917 2142 scriptura
940 2057 1181 2142 alligassem
1204 2057 1344 2122 fortasse
1367 2060 1453 2122 recte
1477 2079 1511 2121 se
1534 2055 1643 2122 habet.

439 2180 478 2245 V.
497 2181 562 2245 429
586 2181 635 2246 mi
659 2181 749 2247 nullo
773 2187 868 2268 pacto
893 2185 1003 2267 potest
1025 2183 1153 2267 abesse,
1171 2181 1253 2248 illud
1278 2181 1443 2266 quaeritur
1464 2179 1520 2245 ubi
1544 2181 1728 2265 ponendum
1751 2181 1804 2248 sit.
1851 2181 1963 2251 Scribo

599 2341 649 2406 Mi
673 2363 709 2407 os
732 2343 891 2408 sublitum
915 2347 1003 2408 esset
1025 2344 1144 2428 sitque
1168 2366 1219 2408 me
1243 2343 1326 2408 albis
1349 2341 1500 2408 dentibus

278 2520 391 2564 versus
414 2500 471 2584 qui
493 2501 657 2566 antecedit
679 2501 799 2567 eisdem
823 2502 942 2568 litteris
969 2503 1017 2567 uri
1039 2503 1166 2588 incipit,
1185 2508 1302 2600 atque
1325 2525 1384 2589 pro
1408 2503 1540 2590 itaque
1563 2503 1628 2568 1111
1653 2503 1710 2568 1111
1733 2504 1947 2572 coniecerunt.

439 2621 560 2690 Versus
590 2626 645 2710 qui
676 2631 855 2712 sequnntur
885 2628 917 2693 in
948 2628 1178 2712 manuscriptis
1209 2633 1285 2714 post
1314 2627 1557 2693 4311111111
1587 2650 1652 2693 non
1676 2629 1843 2694 commode
1866 2633 1942 2696 1111
1965 2633 2030 2699 448

277 2729 463 2795 inserendos
494 2753 564 2799 esse
593 2733 757 2819 opinatur,
784 2734 889 2800 multo
917 2739 1063 2820 praestet
1092 2757 1203 2800 eorum
1234 2739 1310 2821 post
1332 2734 1398 2800 455
1421 2735 1607 2820 collocatio,
1637 2735 1723 2821 quod
1747 2735 1831 2800 vidit
1853 2735 2031 2805 Acidalius.

436 2854 474 2921 V.
498 2857 563 2922 443
595 2879 659 2922 non
693 2859 795 2942 probo
827 2858 998 2924 Ribbeckii
1030 2859 1247 2924 coniecturam
1281 2859 1437 2924 duellis.
1490 2855 1651 2945 Corrupto.
1683 2858 1839 2925 librorum
1869 2862 2031 2947 scriptura

278 2959 441 3026 deillius
465 2964 573 3028 nescio
597 2987 639 3029 an
662 2965 702 3029 ad
726 2965 878 3031 meilles
902 2966 1008 3031 ducat.
1053 2965 1166 3030 Scribo

600 3103 685 3171 Nam
709 3097 1048 3174 strenuiori'dstsrior
1072 3110 1101 3173 si
1123 3108 1291 3193 praedicat

602 3211 684 3280 Sues
708 3219 835 3299 pdgnas
858 3215 986 3299 miles,
1008 3214 1087 3282 illae
1110 3216 1194 3280 fiunt
1217 3214 1375 3280 sordidae.

278 3351 302 3416 ll
325 3353 358 3417 in
384 3353 493 3419 miles
516 3356 616 3420 verbo
641 3355 740 3421 etiam
764 3357 892 3422 Trucul.
910 3359 976 3422 412
998 3358 1121 3424 habent
1143 3357 1294 3423 Palatini.

435 3478 558 3544 Versus
576 3481 642 3546 453
661 3480 791 3545 initium
813 3481 923 3547 nescio
945 3505 1023 3546 num
1046 3482 1125 3548 ferri
1143 3481 1249 3568 possit
1266 3451 1400 3567 propter
1417 3503 1625 3548 numerorum
1644 3483 1867 3569 asperitatem,
1890 3486 2028 3552 fortasse

277 3583 409 3670 scripsit
432 3583 567 3650 Plautus

594 3675 655 3741 Pol
678 3697 739 3763 ego
763 3681 877 3742 dnum
901 3699 1045 3763 quaero
1068 3678 1191 3762 magis
1215 3701 1303 3744 meas
1327 3678 1404 3762 quoi
1427 3677 1607 3763 prae'diocm

594 3781 699 3859 Quam
722 3781 815 3848 illum
840 3785 895 3869 qui
918 3789 1077 3850 memoret

276 3938 386 4004 illum
404 3941 627 4007 Palatinorum
651 3943 856 4008 retinendum
880 3947 943 4029 est,
966 3966 1039 4009 cum
1062 3945 1100 4010 de
1120 3945 1329 4010 Ambrosiani
1352 3944 1508 4010 memoria
1530 3943 1614 4009 nihil
1637 3944 1716 4010 certi
1739 3897 1895 4013 alfirmari
1913 3949 2027 4034 possit
2064 3985 2071 3998 -

278 4043 381 4122 Quam
405 4069 501 4134 saepe
525 4049 610 4114 enim
634 4048 735 4115 fallax
760 4049 804 4115 sit
826 4050 1033 4116 ratiocinatio
1057 4073 1095 4116 ex
1119 4052 1299 4137 spatiorum
1323 4051 1446 4118 calculo
1470 4050 1568 4116 ducta
1590 4073 1648 4138 per
1671 4073 1706 4118 so
1729 4057 1872 4138 apparet.

436 4169 528 4247 Quod
550 4173 586 4236 in
608 4174 640 4237 A
663 4179 739 4259 post
761 4175 827 4238 414
850 4197 961 4240 versus
985 4175 1147 4261 scriptura
1170 4197 1289 4242 vacuus
1314 4181 1376 4261 est,
1400 4175 1490 4242 cuius
1518 4176 1566 4241 rei
1593 4197 1708 4241 caussa
1737 4175 1836 4243 latuit
1860 4178 2025 4246 Loewium

275 4275 376 4361 praef.
391 4275 447 4362 Xl,
469 4277 503 4344 id
522 4279 640 4344 dudum
661 4281 859 4365 explicatum
879 4284 929 4347 cst
948 4304 967 4346 1
987 4281 1150 4368 Gepperto
1170 4284 1254 4348 stud.
1272 4283 1378 4348 Plaut.
1397 4281 1430 4348 Π
1444 4305 1473 4368 p.
1491 4283 1554 4348 105
1577 4283 1618 4348 ad
1641 4283 1804 4350 fidicinam
1822 4285 1857 4350 in
1876 4307 2026 4352 scaenam

275 4383 488 4468 prodeuntem
510 4385 673 4469 pertinere
695 4393 782 4452 recte
805 4389 1022 4454 existimante.
1067 4387 1170 4465 Quem
1195 4389 1349 4476 Gepperti
1373 4390 1478 4455 locum
1503 4390 1639 4456 debebat
1665 4390 1763 4456 affere
1787 4391 1949 4460 Goetzios.

435 4507 474 4574 V.
492 4509 557 4575 493
576 4509 767 4576 facillimum
795 4517 846 4578 est
875 4513 993 4578 adeas
1021 4513 1220 4579 coniecturas
1251 4537 1334 4598 quae
1357 4519 1434 4579 sunt
1456 4520 1603 4581 tentatae
1626 4515 1667 4580 ab
1691 4515 1875 4580 hominibus
1903 4516 2024 4582 criticis
2071 4503 2072 4508 ἵ

275 4633 392 4679 novam
422 4615 548 4682 adicere
571 4617 683 4682 eadem
713 4618 765 4683 vel
788 4620 1020 4704 probabilitate
1039 4621 1090 4684 vel
1109 4619 1389 4706 improbabilitatis
1406 4621 1597 4707 praeditsm.
1626 4621 1828 4707 Quamquam
1845 4621 2023 4690 Goetaiano

280 4719 374 4786 bene
398 4723 496 4787 verbo
521 4723 639 4808 aliquis
670 4725 877 4790 substituerit
906 4727 1037 4812 probe,
1074 4726 1159 4812 quod
1183 4749 1309 4792 versum
1333 4729 1397 4793 491
1430 4751 1557 4814 quoque
1580 4728 1695 4794 finiens
1718 4728 1872 4794 facillime
1895 4735 2024 4816 poterat

276 4826 430 4892 excidere.
463 4826 525 4894 Sed
549 4831 759 4897 verisimilius
783 4837 833 4896 est
856 4832 966 4898 bomo
991 4855 1029 4898 11
1048 4856 1068 4897 1
1088 4832 1202 4898 Plauto
1222 4855 1292 4898 esse
1310 4833 1500 4920 profectum.
1546 4834 1655 4920 Atque
1679 4839 1776 4900 antea
1798 4835 1913 4922 scripsi

594 4995 675 5060 euge
698 4979 781 5058 erige
804 4974 954 5060 Epidioe!
977 4974 1103 5061 fnigi's,
1126 4995 1258 5061 pugnax
1281 4980 1364 5041 tute
1387 4977 1532 5042 bomo’s

275 5112 326 5178 vel
350 5135 501 5202 pugnax
526 5116 602 5179 tri's
625 5116 742 5180 homo.
