4730 5754
343 515 476 582 nullus
508 540 598 585 sum.
643 517 717 583 Nisi
747 519 964 603 antiquiorem
994 519 1133 584 formam
1164 519 1329 605 participii
1360 521 1610 605 sepelitumst
1639 519 1814 606 praeferes,
1847 542 1930 605 quae
1963 519 2098 604 propius

342 624 466 690 accedit
489 626 530 690 ad
554 626 712 690 librorum
736 625 939 710 scripturam.
971 624 1016 691 Ut
1039 626 1092 690 hio
1115 626 1277 692 scribatur
1926 624 1930 630 ’

660 767 703 832 Ni
727 765 804 852 quid
828 767 904 833 binc
926 768 959 832 in
984 790 1075 873 spem
1099 769 1219 834 refera‘s
1243 769 1304 834 tibi
1319 793 1326 834 :
1341 791 1450 834 omne
1474 770 1594 855 oppido
1616 769 1679 834 boc
1702 767 1962 854 sepelitumst.

502 909 541 976 V.
562 912 628 976 340
650 915 726 996 post
749 929 820 993 ego
845 909 983 974 fortasse
1006 911 1212 977 inserendum
1236 911 1373 996 aliquid,
1397 911 1502 977 scribo

659 1050 761 1118 Crede
786 1051 882 1116 modo
905 1056 941 1116 tu
967 1052 1047 1117 mibi
1062 1077 1069 1118 ε
1084 1051 1131 1119 sic
1154 1076 1214 1141 ego
1238 1055 1320 1138 ipse
1344 1075 1406 1141 ago
1431 1053 1477 1119 sic
1500 1060 1636 1138 egerunt
1659 1055 1772 1120 ndstri.
1898 1051 1908 1070 ¹

452 1181 455 1186 ¹
499 1196 546 1263 De
569 1219 599 1261 v.
618 1194 801 1260 349-351
828 1193 1014 1259 Plautinum
1039 1195 1198 1282 originem
1221 1219 1286 1262 non
1315 1196 1536 1262 redolentibus
1564 1197 1637 1261 vide
1665 1219 1771 1282 supra
1817 1201 1865 1260 Ac
1893 1195 2033 1260 fortasse
2061 1209 2096 1260 et

336 1305 420 1370 hanc
440 1303 560 1388 Guycti
582 1301 777 1368 sententiam
802 1306 834 1366 et
853 1300 1003 1386 Seyfferti
1027 1311 1102 1368 ante
1125 1303 1185 1368 bos
1208 1325 1320 1370 versus
1344 1304 1501 1388 quaedam
1524 1303 1726 1370 intercidisse
1749 1303 1944 1368 affirmantis
1971 1302 2094 1388 optime

336 1411 448 1477 licebit
470 1411 556 1475 inter
579 1431 614 1474 se
636 1408 840 1493 coniungere.
877 1405 1029 1473 Ceterum
1053 1409 1213 1476 medicina
1235 1410 1343 1476 versui
1363 1411 1427 1476 349
1446 1411 1589 1476 nondum
1609 1411 1740 1476 invente
1759 1415 1824 1495 cst,
1847 1431 1922 1474 nam
1944 1408 2093 1474 Camera-

337 1517 463 1583 rianum
488 1514 732 1603 parenticida
755 1513 840 1578 male
864 1513 1038 1579 formatum
1062 1516 1153 1582 nullo
1177 1523 1273 1602 pacto
1296 1539 1408 1583 verum
1432 1539 1503 1581 esse
1525 1511 1642 1602 potest.

496 1622 534 1689 V.
555 1623 616 1688 351
642 1621 804 1686 assentior
826 1619 1026 1686 Reinhardto
1051 1627 1089 1688 at
1113 1645 1182 1710 ego
1205 1645 1303 1690 nunc
1326 1624 1490 1690 scribenti.

496 1729 535 1795 V.
555 1730 618 1795 359
644 1727 927 1812 desperatissimus
950 1729 1094 1794 nondum
1117 1735 1168 1795 est
1191 1753 1210 1794 a
1233 1752 1396 1816 quoquam
1420 1736 1472 1796 sat
1495 1730 1710 1815 probabiliter
1736 1731 1908 1794 restitutus
1938 1751 1998 1794 uec
2025 1728 2091 1793 scio

338 1837 501 1924 equidem,
524 1859 602 1901 num
624 1857 698 1900 mea
721 1834 906 1900 coniectura
928 1835 1068 1899 aliorum
1090 1833 1282 1902 commentis
1306 1841 1456 1922 praestet.
1503 1837 1575 1924 Ego
1600 1835 1861 1903 adulescentulus
1892 1836 2091 1902 coniecerem

336 1944 389 2010 hic
412 1944 569 2028 scriptum
591 1941 693 2007 fnisse

656 2065 750 2151 quasi
773 2067 869 2150 qusim
894 2070 969 2131 avet
992 2066 1246 2151 caveatsssshadd
1271 2068 1544 2152 male.·tliamiam
1567 2068 1637 2153 ipse
1661 2071 1774 2134 cautor
1797 2069 1928 2152 captust

337 2159 388 2224 vel
658 2244 719 2328 qui·
738 2243 831 2329 quasi
855 2243 885 2308 ei
909 2267 1006 2328 quam
1030 2251 1105 2309 avet
1128 2246 1384 2330 caveat‘tlband
1407 2245 1613 2330 maletssiam
1635 2245 1705 2332 ipse
1729 2250 1842 2312 cautor
1864 2247 2003 2330 captust

340 2389 402 2456 Sed
427 2387 565 2454 avendi
595 2386 729 2453 verbum
760 2384 900 2451 fortasse
930 2391 1016 2452 recte
1047 2385 1207 2453 aPlauto
1238 2388 1379 2454 alienum
1409 2389 1509 2454 fuisse
1540 2389 1709 2454 iudicatur.
1754 2387 1860 2465 Quid?
1890 2386 1919 2452 si
1947 2386 2033 2452 hunc
2056 2385 2090 2450 in

335 2497 467 2561 modum
489 2516 618 2560 versum
642 2491 885 2558 reconcinnabis
1758 2489 1760 2492 ’

816 2660 819 2666 1
1256 2584 1284 2650 is
1309 2584 1395 2671 apud
1418 2585 1524 2650 forum
1548 2586 1659 2651 mane‘t
1683 2606 1743 2670 me,

654 2687 754 2766 Quasi
778 2687 818 2752 ab
842 2711 881 2754 ea
903 2711 999 2773 quam
1024 2695 1111 2756 amet
1134 2693 1256 2756 caveat.

1082 2812 1332 2883 Susarrmoccns

1254 2922 1353 3003 Haud
1377 2924 1471 2990 male.

1136 3029 1288 3096 Flammas

1465 3120 1534 3185 lam
1557 3117 1628 3205 ipsc
1651 3122 1764 3185 cautor
1787 3119 1925 3202 captust.

334 3262 425 3328 Libri
444 3260 566 3328 babent
586 3261 695 3345 quasi
719 3280 814 3344 quae
838 3267 985 3324 amaret
1007 3262 1305 3346 caveatlsshaud
1330 3263 1562 3345 malellism
1586 3262 1668 3347 ipse
1691 3265 1826 3326 cautor
1851 3264 1988 3344 captus
2016 3263 2086 3324 cst.

494 3366 718 3434 Confidentiae
737 3364 848 3430 licebit
864 3365 902 3430 de
917 3388 946 3432 v.
961 3367 1026 3432 365
1044 3367 1200 3454 iudicare,
1223 3371 1256 3434 in
1275 3391 1338 3454 quo
1357 3370 1541 3435 criticorum
1556 3367 1780 3433 Plautinorum
1800 3366 1961 3430 neminem
1975 3387 2086 3430 veram

333 3477 527 3562 scripturam
556 3477 740 3540 assecutum
773 3493 844 3538 csse
874 3473 982 3539 miror.
1029 3475 1068 3539 ln
1098 3475 1262 3540 codicibus
1294 3483 1344 3541 cst
1374 3476 1593 3560 adueniam‚
1623 3473 1829 3540 Camerarius
1860 3473 1990 3558 scripsit
2020 3471 2084 3539 ad·

331 3582 505 3666 veniant,
530 3580 683 3646 Goetzius
712 3578 905 3646 adveniat.
953 3579 1017 3646 Sed
1044 3581 1258 3648 dubitandum
1286 3605 1349 3648 non
1379 3588 1442 3667 est,
1471 3583 1547 3668 quin
1576 3581 1732 3646 librorum
1757 3580 1918 3666 scriptura
1941 3578 2085 3664 profecte

332 3689 376 3754 sit
399 3710 436 3752 ex
461 3687 682 3772 suprascripta
709 3685 782 3751 iam
807 3687 979 3772 particula,
1003 3709 1085 3774 quae
1109 3711 1166 3773 per
1190 3711 1224 3754 se
1248 3689 1423 3775 requiritur
1444 3690 1507 3754 hoc
1531 3689 1610 3754 loco.
1657 3686 1792 3751 Plautus
1816 3685 1947 3771 scripsit

651 3827 686 3894 Si
708 3827 763 3913 qui
788 3827 827 3892 dd
852 3851 924 3894 eum
949 3830 1110 3896 adveniat
1132 3831 1205 3897 iam
1229 3836 1267 3897 dt
1289 3832 1353 3896 sibi
1376 3833 1487 3897 datum
1513 3833 1583 3896 e‘sse
1607 3833 1778 3916 argentum
1802 3827 1898 3895 dicat.

490 3971 661 4037 Proximus
699 3993 833 4036 scaenae
872 3971 1001 4038 initium
1038 3995 1103 4038 non
1140 3975 1223 4040 male
1261 3975 1404 4040 restituit
1441 3973 1475 4040 Ο.
1504 3975 1546 4040 M.
1575 3971 1794 4038 Franckenius
1828 3969 1983 4036 Mnemos.
2010 3932 2085 4037 nov:

330 4103 391 4147 ser.
405 4078 469 4145 Vll
492 4078 575 4145 1879
600 4077 673 4142 vide
692 4077 787 4142 Burs.
806 4077 1031 4144 Jabresbcricbt
1055 4081 1137 4145 1879
1162 4105 1191 4165 p.
1210 4082 1267 4166 22,
1290 4103 1487 4166 quamquam
1511 4102 1575 4146 non
1598 4081 1633 4144 in
1655 4079 1805 4143 omnibus
1829 4078 1924 4143 robus
1947 4100 2019 4143 cum
2043 4099 2081 4144 eo

330 4187 505 4254 consentio.

489 4293 528 4360 V.
547 4291 611 4358 389
634 4292 774 4357 fortasse
795 4292 1001 4358 scribendum

643 4414 707 4481 Vel
736 4419 887 4503 egomet
916 4417 1054 4482 dudum
1076 4415 1128 4482 fili
1151 4441 1248 4484 causa
1270 4422 1438 4504 coeperam

329 4545 389 4611 vel
413 4544 523 4629 quasi
547 4547 701 4628 egomet
725 4541 787 4627 qui
812 4541 897 4606 dum
920 4540 1005 4608 libri.

487 4649 527 4714 V.
546 4649 612 4714 394
635 4671 695 4734 pro
717 4647 789 4713 huc
813 4647 991 4712 Goetaiano
1014 4652 1091 4735 post
1114 4651 1178 4714 sed
1202 4651 1324 4715 inserto
1348 4671 1410 4738 ego
1434 4652 1521 4716 malo

647 4771 709 4838 Sed
732 4774 823 4837 meus
847 4771 968 4836 sodalis
993 4772 1099 4838 venit
1122 4794 1195 4838 cum
1219 4773 1337 4858 praeda
1359 4774 1540 4861 Apoe‘cides

328 4901 389 4966 etsi
413 4898 512 4964 etiam
536 4898 575 4964 dc
599 4897 659 4962 tali
680 4896 940 4981 interpunctione
964 4896 1107 4982 cogitare
1132 4897 1242 4963 licebit

756 5019 812 5085 sed
835 5021 927 5085 me'us
951 5019 1072 5085 sodalis
1098 5022 1204 5086 venit
1228 5044 1301 5087 cum
1320 5024 1452 5109 praeda,
1476 5023 1658 5108 Apoecides

326 5151 363 5214 ut
385 5144 608 5230 Apoecides
631 5145 798 5211 vocativus
823 5144 867 5210 sit
890 5167 993 5211 casus.
