4730 5754
1130 322 1259 432 ῌ1ο

518 528 558 596 V.
576 529 641 594 295
660 530 757 594 finem
781 533 869 594 recte
894 528 1079 596 emendavit
1097 529 1265 595 Luchsius.
1312 529 1373 594 Pro
1392 529 1510 596 illaec
1528 551 1588 615 ego
1608 528 1795 615 scripserim
1814 527 1885 592 illo
1905 526 1992 614 (vide
2012 524 2112 590 etiam

359 657 457 719 supra
480 658 509 700 v.
528 633 617 721 290).
660 635 699 700 In
729 634 892 700 codicibus
922 635 1043 702 illane
1074 637 1174 720 priori
1205 637 1312 702 versui
1342 636 1584 723 agglutinatum
1608 641 1666 701 eet.
1712 634 1759 701 Ut
1780 656 1894 700 versus
1918 632 2113 733 restituatur

359 743 393 807 in
415 743 501 808 bunc
524 743 655 807 modum

678 827 796 917 'Atque
820 836 993 916 argeutum
1016 851 1078 916 ego
1102 853 1175 896 cum
1198 830 1261 896 hoc
1282 832 1352 898 fero
1375 832 1443 898 illo.

1134 991 1340 1059 Picumnus

1424 1082 1543 1159 Quanti
1566 1082 1630 1147 emi
1652 1081 1798 1145 minum6
1822 1083 1940 1166 potest.

364 1237 557 1307 Coniectura
580 1263 674 1326 quam
695 1240 848 1306 Goetzius
871 1240 905 1306 in
929 1245 1088 1326 apparatu
1110 1264 1140 1305 v.
1159 1241 1223 1324 299
1248 1241 1355 1326 affert,
1378 1246 1448 1307 erat
1471 1241 1713 1328 supprimenda,
1736 1240 1820 1305 nihil
1843 1240 1929 1305 enim
1948 1240 1981 1306 in
2001 1262 2116 1307 cauam

363 1351 414 1413 eet
437 1369 493 1412 cur
516 1347 692 1434 quidquam
716 1352 859 1412 mutetur
882 1351 1011 1432 praeter
1033 1346 1146 1412 Bothii
1170 1347 1272 1412 alius
1296 1347 1417 1414 illam.

527 1453 562 1520 V.
585 1453 650 1519 302
677 1476 742 1519 non
772 1454 900 1519 videtur
937 1475 1010 1518 cum
1042 1453 1176 1520 Goetzio
1213 1459 1250 1519 et
1287 1455 1461 1539 inpetres
1497 1454 1718 1520 coniciendum
1750 1476 1829 1519 esse.
1879 1452 2030 1520 Fortasse
2061 1454 2116 1520 iu·

364 1561 580 1646 patraveris
605 1560 822 1646 scribendum,
845 1565 882 1626 ut·
900 1582 1032 1645 prorsus
1057 1561 1269 1626 absorbeatur
1293 1561 1445 1646 quidem
1467 1561 1669 1627 vocabulum.
1706 1560 1782 1626 Etsi
1810 1560 1911 1626 etiam
1939 1560 2116 1645 inpetres

364 1670 475 1753 potest
502 1689 612 1733 verum
642 1690 712 1732 esse
740 1672 797 1732 aut
824 1668 948 1732 inserto
972 1688 1041 1753 ego
1065 1671 1141 1753 poet
1164 1690 1229 1733 oro
1253 1671 1311 1732 aut
1334 1691 1398 1733 cro
1422 1669 1461 1734 in
1484 1668 1600 1733 orabo
1624 1673 1765 1753 mutato,
1787 1667 1820 1732 id
1845 1668 1930 1753 quod
1954 1670 2018 1732 iam
2042 1690 2113 1754 pro·

365 1773 475 1859 posuit
497 1771 646 1839 Bothius.

524 1878 564 1946 V.
584 1879 648 1945 303
675 1902 740 1945 non
768 1885 904 1966 apparet
931 1902 969 1945 ex
998 1885 1172 1967 apparatu,
1202 1882 1285 1946 unde
1307 1880 1399 1947 huic
1422 1882 1583 1967 scriptura
1601 1881 1737 1947 fluxerit.
1783 1882 1873 1948 Inest
1896 1885 2005 1947 autem
2028 1880 2118 1946 huic

366 1989 450 2052 teste
474 1984 576 2052 Pareo
600 1987 633 2051 in
656 1985 816 2052 Palatinis
840 1992 969 2072 praeter
991 1987 1034 2072 B,
1057 1988 1179 2073 recepit
1202 1989 1324 2072 primus
1348 1987 1411 2054 nisi
1434 1987 1531 2054 fallor
1553 1986 1701 2054 Bothius.

525 2091 564 2158 V.
584 2093 663 2178 306,
685 2093 742 2158 ubi
764 2094 865 2160 ictum
889 2093 923 2158 in
941 2089 1084 2159 'Attico
1107 2093 1265 2159 vocabulo
1290 2093 1401 2159 deesse
1424 2094 1510 2179 apud
1533 2095 1703 2161 Goetzium
1727 2119 1842 2162 moneo
1865 2096 1899 2161 in
1922 2099 2119 2180 transcursu,

367 2223 432 2265 non
462 2199 555 2266 valde
584 2199 692 2285 placet
720 2199 856 2265 Lomani
887 2201 1070 2266 coniectura
1099 2203 1200 2266 omni
1230 2200 1315 2266 inter
1344 2201 1443 2267 verba
1473 2222 1605 2287 agrum
1634 2202 1674 2266 in
1704 2224 1794 2288 agro
1824 2223 1890 2267 uon
1920 2201 2119 2296 seiungenda

368 2305 615 2392 interponentis.
659 2304 747 2371 Malo

685 2465 823 2532 Nullum
847 2474 918 2533 esse
941 2470 1057 2553 opinor
1079 2473 1141 2553 e'go
1165 2467 1316 2553 quidem
1340 2489 1455 2554 agrum
1478 2471 1512 2534 in
1536 2489 1619 2556 agro
1638 2465 1760 2536 'Attico

369 2629 420 2693 vel
445 2629 597 2712 egomet
621 2647 734 2713 agrum
757 2628 791 2692 in
815 2649 892 2714 agro
915 2622 1046 2694 'Attico

529 2768 569 2836 V.
588 2771 654 2836 315
677 2773 773 2836 autea
796 2770 987 2856 scripseram

1008 2863 1102 2926 mane
1127 2882 1177 2926 me
1200 2860 1297 2926 iussit
1319 2882 1416 2927 senex

692 2964 877 3033 Gonddcere
901 2965 1044 3052 aliquam
1066 2966 1233 3034 fidicinam
1257 2989 1348 3033 suae
1372 2969 1469 3054 quad
1492 2968 1591 3048 domi

691 3072 778 3139 Dum
802 3077 870 3140 re'm
894 3074 1035 3140 divinam
1057 3074 1179 3142 faceret
1201 3079 1348 3140 cantare't
1371 3075 1443 3140 sibi.

374 3231 436 3300 Sed
455 3233 611 3319 intellego
629 3234 727 3319 longe
745 3239 912 3318 praestare
931 3235 1148 3300 firmissimam
1171 3234 1359 3300 Buecheleri
1379 3234 1637 3301 emendationem
1656 3235 1738 3302 Mus.
1756 3235 1857 3302 Rheu.
1875 3235 1999 3302 XXXV
2014 3261 2043 3321 p.
2059 3237 2123 3302 628

1011 3397 1104 3460 mane
1129 3417 1179 3459 me
1202 3393 1299 3460 iussit
1322 3416 1419 3460 senex

695 3497 880 3568 Conducere
903 3502 1047 3587 aliquam
1068 3499 1235 3566 fidicinam
1257 3501 1320 3567 sibi
1343 3501 1405 3567 huc
1428 3501 1559 3568 domum

696 3607 797 3684 Quae
821 3609 897 3675 dnm
920 3631 988 3674 rem
1013 3607 1138 3672 dinam
1162 3608 1283 3674 faceret
1305 3611 1450 3674 cantare‘t
1473 3609 1546 3675 sibi.

536 3765 576 3832 V.
594 3767 659 3832 323
682 3765 865 3853 Wagnerus
888 3769 923 3834 iu
946 3790 1081 3834 censura
1103 3767 1231 3853 Epidici
1253 3790 1319 3833 uon
1341 3768 1603 3854 improbabiliter
1625 3770 1761 3836 coniecit
1783 3771 1993 3856 perillum.

536 3871 575 3940 9.
594 3874 657 3939 327
674 3896 743 3960 sqq.
762 3875 926 3942 restitutio
954 3897 1110 3960 perquam
1133 3879 1183 3939 est
1206 3874 1354 3940 difficilis.
1399 3875 1508 3961 Atque
1532 3881 1628 3942 antea
1650 3856 1780 3943 veisum
1803 3878 1878 3964 327,
1901 3879 1965 3945 328
1984 3913 2025 3926 -
2050 3900 2125 3943 nam

377 4002 461 4045 unus
489 3983 539 4044 est
567 3980 635 4046 sine
664 3981 761 4047 dubio
785 4019 826 4030 -
850 3982 988 4048 iambico
1015 3980 1173 4046 metiebar
1201 4003 1273 4046 cum
1296 3981 1475 4048 Ribbeckio
1503 3983 1602 4069 praef.
1620 3984 1715 4070 apid.
1735 4007 1765 4069 p.
1784 3983 1910 4071 XXIII,
1937 4009 2021 4052 nunc
2050 4008 2126 4052 vero

379 4089 511 4172 propter
529 4107 657 4152 versum
677 4088 741 4152 329
761 4111 945 4155 mensuram
968 4088 1166 4154 trochaicam
1190 4090 1343 4173 praefero.
1381 4088 1444 4156 Hic
1462 4091 1548 4155 enim
1567 4092 1673 4178 qualis
1692 4090 1815 4176 legitur
1832 4091 1866 4157 in
1885 4092 2128 4178 manuscriptis:

380 4193 470 4280 quid
497 4194 609 4259 illum
636 4195 762 4260 facere
794 4195 852 4260 vis
881 4195 945 4280 qui
968 4195 1043 4272 tibi
1072 4195 1161 4280 quoi
1189 4194 1352 4261 divitiae
1375 4196 1477 4261 domi
1502 4220 1671 4277 maxume
1696 4201 1785 4263 sunt
1808 4197 1877 4265 sine
1900 4200 1998 4265 dubio
2022 4199 2127 4265 iustus

381 4303 431 4366 est
457 4301 640 4367 trochaicus
668 4301 852 4368 octonarius
881 4303 941 4368 nec
969 4303 1062 4368 video
1093 4323 1148 4367 cur
1178 4325 1251 4366 eum
1281 4303 1520 4389 transponendo
1550 4305 1583 4369 in
1611 4305 1830 4391 septenarium
1853 4306 2053 4373 trochaicum
2076 4306 2128 4372 vel

380 4407 582 4474 octonarium
611 4407 785 4474 iambicum
816 4414 985 4474 mutemus.
1031 4409 1070 4474 In
1099 4431 1195 4474 uersu
1224 4409 1299 4494 327,
1329 4410 1393 4475 328
1424 4410 1479 4495 qui
1509 4410 1563 4476 hic
1591 4414 1641 4477 est
1671 4411 1704 4476 in
1734 4411 1897 4479 codicibus
1925 4435 2128 4499 numquam

381 4514 551 4579 inridere
582 4535 650 4579 uos
682 4514 794 4581 illum
826 4516 993 4582 inultum
1025 4516 1147 4581 sinam
1180 4537 1329 4581 servum
1361 4515 1566 4601 hominem,
1597 4518 1661 4584 nisi
1694 4519 1780 4603 quod
1812 4541 1901 4584 mero
1933 4541 2042 4586 errore
2073 4519 2129 4586 in·

382 4621 558 4686 ultimum
586 4618 659 4706 BJ,
692 4623 807 4688 lacuna
841 4627 891 4688 est
925 4627 982 4688 aut
1016 4627 1091 4708 post
1124 4644 1327 4707 numquam
1362 4627 1419 4688 aut
1453 4629 1528 4708 post
1561 4625 1744 4712 inridere,
1777 4649 1875 4711 quam
1909 4626 1956 4691 sic
1985 4628 2129 4712 expleam

381 4727 594 4814 Numquam
617 4727 786 4795 inridere
801 4730 865 4806 ‚ita
888 4753 944 4796 me
967 4729 1005 4794 di
1028 4733 1155 4794 ament
1175 4732 1231 4792 aut
1249 4727 1462 4814 Numquam
1481 4736 1633 4796 ecastor
1651 4731 1820 4797 inridere
1840 4736 1897 4797 aut
1915 4732 2129 4819 Numquam

383 4836 614 4900 sceleratum
638 4835 807 4902 inridere
830 4841 887 4901 aut
910 4837 959 4901 uti
982 4835 1067 4900 infra
1088 4835 1160 4900 feci.
1205 4835 1338 4900 Initium
1363 4858 1474 4902 versus
1494 4837 1559 4903 330
1577 4842 1761 4903 tnmcatum
1782 4841 1832 4902 est
1855 4839 1889 4902 in
1919 4839 2021 4905 libris.
2066 4838 2129 4906 Sed

382 4963 441 5006 nec
474 4941 626 5008 Goetaius
657 4965 785 5008 versum
815 4949 901 5008 recte
929 4941 1111 5008 restituisse
1141 4941 1330 5006 iudicandus
1361 4947 1411 5008 est
1441 4967 1499 5009 nec
1527 4945 1730 5028 probandum
1764 4945 1832 5010 ullo
1860 4947 1955 5012 modo
1984 4945 2130 5032 Ussingii

383 5047 526 5116 amicis.
571 5047 643 5114 Hoc
666 5049 716 5114 vel
740 5053 913 5134 propterea
935 5049 1099 5134 displicet,
1123 5047 1208 5134 quod
1232 5049 1336 5114 altera
1360 5054 1451 5135 parte
1479 5073 1610 5136 prorsus
1638 5049 1724 5114 idem
1752 5051 1921 5118 diceretur.
1966 5053 2073 5138 Atque
2096 5053 2131 5119 Β

383 5155 469 5225 hunc
490 5177 620 5224 versum
642 5155 743 5222 habet
769 5156 802 5223 is
830 5167 943 5224 numu
966 5155 1115 5224 nullum
1137 5154 1264 5220 habes.
1309 5155 1358 5222 Ne
1383 5158 1499 5222 multa:
1527 5178 1588 5242 ego
1612 5161 1719 5224 totum
1742 5157 1848 5224 locum
1871 5159 1918 5226 sic
1940 5160 2130 5226 reconcinno
