4730 5754
1073 323 1121 394 27

992 530 1196 598 Pnamnnnne

1071 636 1134 702 Prd
1158 638 1253 704 deum
1277 643 1373 724 atque
1396 639 1564 704 15551555
1587 640 1683 706 fidem

225 779 280 846 sed
305 780 409 871 lenior
432 781 531 846 etiam
554 780 587 846 in
610 783 764 867 promptu
789 783 838 846 est
862 779 1036 866 medicina,
1060 803 1123 865 qua
1146 781 1249 866 155155
1273 787 1389 867 555555
1409 805 1539 848 manum
1558 783 1741 850 restituisse
1761 783 1840 848 mihi
1860 782 1973 848 videor

542 887 593 954 Ne
616 909 677 974 ego
701 909 806 954 mearn
829 884 922 952 novi
942 886 1080 952 novisse.

224 1029 478 1096 nouinouisse
502 1053 600 1116 quam
622 1029 718 1097 facile
742 1029 884 1116 potuerit
906 1029 1073 1094 immutari
1096 1029 1129 1094 in
1153 1031 1309 1096 nouisse
1332 1053 1427 1097 nemo
1452 1038 1502 1098 est
1525 1032 1601 1118 quin
1625 1033 1743 1099 videat.

382 1137 422 1204 V.
441 1137 506 1203 596
529 1160 568 1203 ex
591 1139 623 1204 A
646 1137 766 1223 recipio
790 1137 879 1222 quia
903 1142 1007 1202 5555
1030 1140 1186 1223 gnatam
1209 1159 1248 1204 es
1272 1143 1389 1204 ratus.

382 1243 423 1310 V.
441 1244 619 1310 591-599
646 1245 737 1310 55115
765 1244 861 1310 5555
889 1248 1027 1330 possunt
1053 1243 1115 1308 hoc
1138 1244 1209 1310 loco
1233 1243 1360 1330 abesse,
1383 1269 1578 1332 quamquam
1602 1245 1719 1314 desunt
1742 1246 1776 1312 in
1799 1248 1839 1314 A.
1885 1247 1972 1324 Quos
2061 1247 2064 1254 ’

225 1349 251 1414 si
278 1349 505 1435 interpolatori
533 1352 641 1417 deberi
668 1356 808 1437 5555555,
831 1356 964 1437 5555555
987 1350 1221 1417 sententiarum
1245 1351 1483 1420 cohaerentiam
1507 1353 1563 1418 alii
1587 1353 1730 1418 eiusdem
1753 1353 1819 1420 fare
1843 1354 1971 1440 generis

224 1479 334 1524 versus
354 1458 531 1526 exciderint
548 1481 678 1525 5555555
696 1463 760 1544 555,
779 1458 864 1544 quod
883 1458 1116 1544 probabilitate
1135 1478 1267 1542 prorsus
1287 1463 1337 1522 est
1355 1458 1557 1528 destitutum.
1589 1458 1709 1525 Verum
1729 1482 1757 1526 v.
1772 1455 1836 1525 591
1856 1466 1889 1526 55
1907 1461 1971 1527 598

224 1563 311 1628 5551
334 1570 445 1630 555555
468 1565 657 1652 offensione,
680 1589 708 1632 5.
727 1566 791 1631 599
815 1570 925 1631 55555
947 1565 1074 1630 555551
1096 1564 1229 1630 55155551
1251 1569 1423 1652 nequeunt.
1465 1566 1534 1632 Nec
1552 1588 1663 1632 555555
1683 1566 1882 1634 emaculetur
1900 1590 1971 1633 555

223 1670 352 1755 quidam
376 1671 495 1737 iudicio
514 1669 665 1738 Muelleri
688 1673 873 1738 coniectura
896 1673 987 1758 quid
1006 1672 1039 1737 si
1058 1693 1167 1738 servo
1187 1671 1304 1738 aliter
1323 1673 1445 1738 51555
1466 1677 1584 1758 55555,
1602 1695 1676 1740 555
1695 1677 1785 1759 5555
1803 1674 1972 1758 5551555,

224 1777 392 1844 5555555.
438 1778 547 1864 Atque
577 1784 674 1866 antea
703 1779 856 1846 mendum
886 1778 1031 1865 quaesivi
1061 1779 1095 1844 in
1125 1779 1244 1844 alitor
1273 1801 1364 1866 voce,
1395 1780 1429 1844 15
1459 1803 1522 1865 qua
1545 1779 1741 1846 infinitivum
1765 1780 1867 1846 latere
1891 1780 1972 1844 mihi
2046 1832 2052 1844 .

215 1885 384 1970 persuasi,
407 1890 444 1951 ut
467 1887 546 1952 haec
568 1890 655 1952 esset
677 1886 740 1952 loci
764 1886 926 1952 sententia
949 1891 989 1951 55
1011 1885 1044 1950 51
1067 1907 1176 1951 55555
1200 1886 1351 1972 placuit
1373 1891 1410 1952 te
1432 1886 1588 1972 fallere,
1611 1909 1684 1994 non
1707 1892 1865 1973 poteras
1888 1887 1971 1970 ipse

223 2013 303 2056 eam
326 1993 503 2058 novisse?
534 1992 648 2080 Neque
671 1993 734 2060 boc
756 2014 776 2058 a
799 1993 918 2060 litteris
941 1992 1039 2058 nimis
1063 1992 1204 2058 alienum
1228 1998 1314 2059 esset

541 2133 618 2221 quid
642 2134 921 2202 51555551511555
945 2136 1084 2201 visumst

222 2275 286 2340 nisi
318 2276 511 2343 vocabulum
544 2277 739 2364 dactylicum
771 2279 883 2365 pedem
919 2277 1118 2344 trochaicum
1152 2298 1293 2362 aequans
1326 2278 1508 2344 cautionem
1542 2276 1700 2344 suaderet.
1755 2278 1824 2344 Nec
1854 2278 1970 2344 fortius

221 2383 398 2450 remedium
421 2407 505 2451 nunc
528 2385 635 2471 515555

541 2526 618 2612 quid
641 2528 669 2592 si
692 2549 786 2592 servo
809 2526 949 2592 visumst
970 2489 1097 2612 fallere,
1119 2527 1206 2592 11555
1230 2530 1307 2612 5555
1330 2548 1401 2591 earn
1423 2548 1533 2612 nosse,
1556 2529 1710 2594 obsecro?

222 2667 279 2733 sed
309 2668 427 2735 aliter
456 2669 590 2736 tolerari
618 2673 713 2755 posse
743 2670 824 2735 mibi
854 2670 995 2755 videtur,
1025 2668 1065 2734 ad
1096 2691 1247 2734 numeros
1277 2671 1387 2733 autem
1416 2669 1576 2733 sanandos
1606 2668 1711 2735 multo
1735 2669 1914 2754 simplicior
1935 2671 1971 2736 15

221 2781 374 2861 5555555
398 2779 448 2842 555
471 2776 662 2843 emendandi
685 2778 739 2842 515
785 2775 911 2842 Mutato
935 2775 1147 2845 555155515
1169 2798 1282 2841 55555
1306 2775 1408 2840 scribe
1428 2777 1580 2841 servolo
1600 2799 1659 2861 555
1679 2799 1804 2842 servo:
1827 2777 1969 2862 optimos

221 2881 357 2948 habebis
381 2905 531 2949 numeros

541 3005 624 3084 Quid
648 3007 676 3072 si
700 3008 839 3073 servolo
864 3008 960 3072 aliter
982 3007 1134 3094 visumst,
1157 3010 1222 3074 555
1245 3012 1375 3092 poteras
1399 3029 1526 3092 55555,
1550 3008 1691 3073 obsecro.

223 3147 315 3214 Hanc
339 3149 568 3215 diminutivi
590 3151 728 3216 formam
751 3149 939 3236 5555155155
963 3173 1033 3216 5555
1056 3151 1278 3216 oblitteratam
1302 3150 1335 3215 in
1359 3149 1521 3216 codicibus
1544 3150 1750 3216 notissimum
1776 3154 1835 3215 est.

381 3256 420 3322 In
443 3257 557 3343 quinto
581 3261 655 3322 actu
678 3281 707 3323 5.
727 3258 789 3322 607
815 3258 919 3324 scribo
943 3279 1016 3322 cum
1033 3257 1261 3344 Kampmanno
1285 3258 1349 3342 qui
1372 3278 1392 3322 a
1415 3279 1479 3323 me.
1517 3256 1553 3320 V.
1573 3257 1636 3322 608
1659 3257 1797 3322 fortasse
1818 3255 1966 3323 Camere·

222 3362 349 3428 rianum
373 3386 467 3449 quae
492 3369 619 3450 empta
643 3387 686 3430 ex
710 3363 897 3449 praedast
919 3365 953 3429 in
976 3365 1140 3450 integrum
1164 3369 1215 3430 est
1236 3363 1482 3429 restituendum.

381 3469 420 3536 V.
439 3472 503 3536 624
527 3476 587 3537 est
610 3470 844 3557 consimilis,
874 3471 959 3556 quod
980 3471 1133 3536 Goetzius
1157 3471 1279 3556 recepit
1301 3492 1360 3555 pro
1384 3471 1540 3536 librorum
1565 3471 1725 3555 scriptura
1748 3476 1857 3537 estne
1881 3493 1967 3538 con·

222 3576 380 3662 similis,
402 3577 437 3641 in
460 3599 524 3643 uno
547 3577 770 3643 Palatinorum
795 3578 951 3664 scriptum
974 3599 1045 3644 esse
1068 3582 1210 3644 testatur
1234 3575 1424 3662 Geppertus.

380 3683 419 3749 V.
439 3684 502 3750 627
528 3684 655 3750 Goetzii
678 3685 803 3751 otiose
831 3683 976 3749 adbitis
1001 3685 1258 3751 emendationem
1282 3683 1460 3768 palmarem
1479 3682 1642 3768 praedicat
1662 3683 1854 3770 Wagnerns.
1886 3684 1968 3752 Mihi

221 3792 301 3857 haec
335 3791 494 3878 scriptura
523 3795 560 3856 ut
589 3812 610 3854 a
638 3790 823 3862 litterarum
853 3791 1002 3877 vestigiis
1033 3792 1130 3877 longe
1160 3795 1285 3857 remota
1318 3811 1377 3856 nec
1409 3789 1580 3856 veritatem
1610 3813 1669 3855 nec
1701 3792 1966 3876 probabilitatem

221 3899 349 3965 ridetur
366 3898 495 3966 babere.
527 3897 677 3964 Ceterum
697 3898 822 3964 otiose
841 3898 906 3962 155
927 3896 1131 3964 Camerarius
1151 3898 1294 3984 scripsit,
1318 3897 1403 3983 quod
1422 3897 1456 3961 in
1475 3901 1634 3982 apparatu
1653 3897 1775 3962 frustra
1794 3899 1967 3984 quaeritur.

222 4005 311 4072 0515
336 4027 419 4071 5555
442 4005 625 4090 5551555,
647 4004 699 4070 551
723 4005 778 4070 515
801 4025 872 4090 ego
896 4005 995 4071 iussi
1019 4006 1063 4070 ad
1088 4004 1297 4071 55155551
1321 4004 1471 4068 otiosae
1495 4003 1540 4069 ad
1564 4027 1620 4068 me
1642 4005 1814 4070 15555555
1837 4006 1967 4093 conieci,

221 4134 306 4178 nunc
333 4109 479 4198 praefero
502 4111 605 4177 Brixii
633 4112 850 4178 coniecturam
873 4112 971 4178 sicin
998 4111 1094 4178 iussi
1121 4111 1166 4176 ad
1194 4133 1249 4177 55
1277 4111 1332 4176 155
1360 4133 1441 4196 quae
1469 4132 1566 4196 quam
1594 4111 1739 4196 proxime
1767 4113 1898 4179 accedat
1925 4112 1966 4178 ed
2075 4107 2077 4112 ’

221 4219 431 4306 depravatam
453 4218 611 4284 librorum
635 4219 824 4284 memoriam
848 4219 899 4284 551
923 4218 1028 4283 obiter
1050 4217 1190 4283 intuenti
1213 4222 1313 4303 patet.
1754 4291 1759 4302 1

380 4324 535 4392 Eiusdem
557 4327 756 4392 5555551155
780 4324 970 4410 plumbeis
994 4328 1158 4409 receptum
1182 4328 1274 4389 5555
1297 4322 1446 4409 Goetnio,
1470 4323 1555 4408 quod
1579 4327 1688 4388 tamen
1712 4345 1788 4389 cave
1812 4347 1832 4387 a
1854 4323 1965 4390 Brixia

221 4433 327 4521 primo
346 4433 513 4500 inventum
533 4453 603 4497 esse
622 4432 743 4499 credas.
779 4431 915 4518 Legitur
933 4431 1017 4496 enim
1037 4431 1072 4496 in
1091 4431 1207 4497 Weisii
1227 4430 1330 4496 lexico
1349 4429 1501 4495 Plautino
1521 4428 1705 4516 (Quodlinb.
1726 4431 1810 4497 1838
1829 4454 1859 4516 p.
1877 4429 1966 4518 113):

221 4541 439 4627 pulmoneie
462 4539 625 4626 pedibus
648 4539 705 4604 ire
728 4540 748 4605 f.
768 4537 789 4605 1.
807 4539 1007 4625 plumbeis.
1053 4536 1116 4604 Sed
1139 4561 1254 4604 vereor
1276 4541 1313 4601 ut
1337 4537 1530 4622 plumbeis
1554 4559 1574 4601 5
1596 4541 1694 4622 55555
1713 4536 1892 4622 profectum
1913 4537 1966 4622 sit,

220 4647 289 4716 veri
317 4647 421 4713 55155
449 4645 588 4713 51511155
616 4644 696 4710 mihi
723 4645 866 4732 5155555,
896 4668 978 4731 quae
1006 4644 1152 4730 Ussingii
1183 4666 1309 4729 quoque
1339 4645 1502 4710 sententia
1529 4647 1593 4728 555,
1623 4643 1657 4708 15
1684 4643 1860 4729 depravata
1889 4666 1965 4710 voce

220 4755 322 4822 latere
345 4755 590 4820 nominativum.
634 4751 809 4838 Ussingius
832 4775 897 4818 555
921 4753 1006 4818 5515
1029 4751 1212 4837 5555155555
1235 4751 1423 4836 55151555
1447 4748 1652 4816 scribendum
1674 4750 1784 4816 videri.

378 4861 417 4928 ln
448 4861 564 4927 laeana
595 4881 708 4925 555555
741 4859 805 4924 642
837 4857 978 4924 15555555
1009 4857 1166 4924 55555115
1198 4858 1297 4923 verba
1325 4857 1471 4923 danistae
1500 4857 1732 4923 interciderunt
1762 4857 1799 4921 de
1830 4857 1965 4941 pecunia

220 4969 395 5035 metuentis
417 4969 471 5034 551
492 4968 578 5034 bunc
600 4967 633 5032 in
656 4967 788 5033 55555

1018 5052 1163 5120 Demere

516 5161 610 5228 fleri
633 5185 684 5228 me
707 5161 875 5248 miserum,
897 5164 988 5227 accde
1012 5182 1194 5246 germanos.

2240 838 2274 906 ae
