4730 5754
1136 337 1184 408 21

1052 543 1279 613 Onnnamunus

595 663 754 734 'Absurde
775 668 856 735 iacis
881 669 937 756 qui
960 673 1061 757 tinges
1084 677 1118 736 te
1141 672 1241 736 animi
1257 721 1264 737 .
1278 671 1307 736 si
1329 669 1438 735 hercle
1461 691 1522 756 ago
1544 670 1639 734 illum
1662 669 1763 735 semel
1786 669 1952 756 prendere,

603 773 790 861 Numquam
813 777 951 843 inridere
974 776 1205 864 inpudenter
1227 781 1286 843 n6s
1310 776 1404 843 illum
1427 777 1568 843 inultum
1587 775 1692 842 sinam
1715 798 1842 842 servom
1864 775 2039 841 hominem.

1035 935 1283 1006 Srnnnrraocnns

605 1058 689 1138 Quid
712 1060 805 1126 illum
826 1061 932 1128 iacere
956 1061 1019 1149 vis,
1043 1064 1112 1150 qui,
1135 1064 1195 1130 tibi
1219 1063 1296 1149 quoi
1319 1059 1454 1128 divitiae
1478 1062 1565 1128 domi
1590 1064 1759 1127 maxumae
1783 1067 1868 1146 sunt,

604 1167 717 1233 Aeris
740 1190 909 1236 nummum
931 1170 1059 1236 nullum
1081 1171 1182 1238 habes
1205 1193 1264 1237 nec
1287 1176 1344 1236 tuo
1367 1169 1402 1234 in
1424 1174 1457 1235 tc
1481 1169 1607 1255 copiast
1630 1168 1777 1234 sodali?

285 1323 421 1390 Numeri
451 1349 517 1391 non
546 1327 690 1392 dumores
720 1333 797 1394 sunt
827 1351 924 1414 quam
958 1331 993 1396 in
1023 1332 1198 1398 octonariis
1230 1330 1403 1396 trochaicis
1438 1351 1508 1394 esse
1543 1329 1658 1394 solent
1708 1327 1819 1393 Aeris
1850 1351 2038 1394 nummum

210 1501 212 1506 ,
285 1430 434 1496 nullum
457 1433 575 1498 habes
594 1427 723 1500 ‘lreineu
748 1434 864 1502 Dreier
886 1432 991 1503 Geld’.
1036 1438 1075 1503 In
1097 1439 1149 1504 his
1173 1437 1320 1503 versibus
1343 1437 1447 1522 igitur
1469 1441 1597 1520 praeter
1621 1434 1754 1499 lacunae
1778 1435 2039 1520 supplementum

287 1558 316 1602 v.
341 1538 404 1602 327
428 1539 511 1604 nihil
536 1545 697 1607 mutatum
721 1543 786 1608 nisi
810 1544 910 1608 aeris
934 1544 1079 1630 positum
1102 1566 1161 1630 pro
1184 1548 1334 1610 truncato
1359 1545 1391 1608 is
1424 1547 1522 1628 atque
1545 1542 1669 1607 sodali
1693 1543 1937 1628 transpositum.

445 1663 484 1729 V.
504 1665 568 1730 333
593 1687 654 1751 ego
677 1666 764 1734 haud
792 1673 981 1734 cunctanter
1003 1669 1124 1754 recipio
1148 1668 1419 1735 verisimillimam
1443 1667 1565 1734 Loewii
1587 1666 1805 1732 coniecturam
1828 1666 1929 1751 praef.
1947 1666 2042 1752 Epid.

286 1790 317 1852 p.
335 1766 446 1834 XXIII
474 1770 614 1856 ignave
637 1773 741 1839 iners
765 1776 865 1841 verba
887 1776 973 1861 apud
998 1775 1133 1842 Festum
1156 1775 1249 1842 Pauli
1273 1776 1313 1840 ad
1337 1773 1446 1840 Plauti
1470 1797 1599 1840 versum
1623 1774 1786 1859 pertinere
1809 1773 2041 1838 contendentis.

446 1892 484 1959 V.
504 1895 568 1960 335
591 1919 651 1982 pro
676 1897 853 1966 Goetaiano
877 1902 1094 1988 gentiumst
1116 1901 1200 1968 hanc
1222 1900 1281 1966 inii
1305 1898 1496 1965 emendandi
1519 1899 1678 1964 rationem

1039 2063 1291 2130 Scasnnraooaas

605 2181 731 2270 Quippe
754 2189 790 2249 tit
815 2187 859 2249 mi
883 2187 1006 2270 aliquid
1030 2188 1140 2273 aliquo
1164 2187 1257 2251 modo
1281 2186 1429 2251 alicunde
1453 2185 1494 2248 ab
1518 2185 1681 2269 aliquibus
1704 2183 1817 2264 blatis3

606 2286 698 2365 Quod
721 2295 916 2376 nusquamst
938 2293 1143 2378 l'abulriris,
1166 2315 1269 2378 neque
1294 2315 1353 2378 ego
1377 2292 1411 2357 id
1434 2295 1527 2357 adres
1550 2291 1682 2356 inmitto
1707 2313 1805 2358 meas.

286 2443 324 2509 cf.
349 2442 441 2530 Gapt.
460 2445 525 2512 548
548 2451 589 2512 ns
613 2453 650 2513 tu
673 2452 759 2535 quod
782 2453 857 2518 istic
879 2453 1043 2520 fabuletur
1066 2454 1154 2520 auris
1177 2453 1325 2518 inmittis
1349 2458 1432 2517 tuas.

446 2588 549 2654 Actus
577 2591 667 2656 tertii
695 2614 844 2660 scaenam
872 2596 1010 2662 alteram
1038 2597 1155 2662 studiis
1182 2596 1351 2661 hominurn
1379 2595 1599 2660 scaenicorum
1622 2593 1767 2659 fabulam
1792 2593 2039 2660 retractantium

288 2693 404 2758 mirum
433 2701 591 2780 quantum
619 2721 690 2766 esse
717 2702 883 2768 turbatam
912 2725 949 2768 ac
976 2703 1153 2768 laceratam
1180 2703 1303 2768 nemini
1330 2702 1475 2787 profecto
1503 2700 1675 2767 obscurum
1705 2722 1774 2766 esse
1798 2700 1928 2786 poterit.
1975 2698 2040 2764 Ubi

287 2822 325 2865 ex
349 2801 518 2886 particulis
542 2806 690 2892 genuinis
715 2813 748 2874 et
770 2813 845 2894 post
867 2808 1054 2876 Plautinum
1078 2813 1219 2878 aetatem
1243 2809 1420 2894 assumptis
1444 2808 1526 2873 mira
1549 2814 1622 2874 orta
1645 2812 1696 2873 est
1721 2808 1876 2892 colluvio,
1902 2812 1939 2872 ut
1967 2828 2038 2873 cum

288 2905 366 2972 alibi
396 2909 476 2974 satis
506 2911 552 2975 sit
580 2911 708 2979 novicia
739 2913 943 2981 aPlautinis
973 2938 1158 3004 segregare,
1187 2917 1240 2981 hic
1270 2921 1383 2980 contra
1412 2938 1451 2982 ea
1481 2937 1562 3000 quae
1591 2937 1666 2980 vere
1694 2913 1846 2980 Plautina
1869 2913 2040 2978 videantur

288 3011 430 3081 delibare
460 3019 494 3082 et
524 3017 760 3103 quodammodo
791 3023 950 3109 expiscari
984 3008 1167 3090 debeamus.
1222 3021 1384 3089 Videntur
1413 3026 1536 3108 autem,
1575 3025 1731 3107 quantum
1762 3020 1795 3086 in
1828 3043 1862 3085 re
1894 3021 1960 3086 fere
1993 3020 2040 3084 in·

289 3120 472 3187 extricabili
494 3147 580 3190 nunc
603 3126 733 3212 quidem
757 3129 900 3195 iudicare
923 3130 1014 3215 licet,
1039 3135 1095 3196 aut
1118 3131 1242 3195 nullam
1267 3134 1324 3195 aut
1347 3129 1498 3216 exiguam
1526 3127 1718 3214 posterioris
1746 3126 1882 3213 originis
1909 3147 2039 3191 movere

288 3226 502 3312 suspitionem
545 3254 574 3296 v.
605 3233 679 3318 337,
720 3236 919 3323 341--348;
962 3238 1010 3302 ibi
1053 3243 1103 3302 est
1144 3238 1273 3320 lacuna,
1314 3236 1514 3322 praedicavit
1554 3235 1640 3301 enim
1680 3233 1836 3318 Epidicus
1878 3232 2039 3318 copiosius

288 3334 454 3400 machinas
478 3359 554 3402 snas
578 3343 611 3404 et
633 3340 795 3426 lbllaoias3
817 3344 1001 3410 357—359
1025 3348 1101 3429 post
1127 3345 1218 3409 filia
1241 3365 1352 3409 vocam
1380 3343 1539 3408 nonnulla
1567 3341 1720 3407 credibile
1749 3346 1800 3405 est
1828 3338 2040 3424 intercidisse,

289 3461 372 3524 quae
399 3443 607 3528 pertinebant
635 3447 676 3510 ad
705 3448 774 3513 eius
802 3448 948 3515 mulieris
977 3451 1188 3536 emptionem,
1217 3474 1314 3536 quam
1344 3454 1441 3516 antea
1462 3472 1491 3513 v.
1511 3449 1575 3514 278
1591 3471 1660 3534 sqq.
1684 3451 1831 3512 suaserat
1858 3445 2040 3532 Periphani.

288 3546 328 3611 In
357 3569 396 3612 aa
426 3553 534 3616 autem
566 3553 682 3619 lacuna
712 3554 792 3619 mihi
822 3556 973 3622 videntur
1003 3558 1053 3622 illi
1084 3580 1197 3624 versus
1227 3556 1334 3624 locum
1364 3556 1484 3622 habere
1514 3577 1624 3642 posse,
1654 3555 1710 3639 qui
1740 3558 1817 3618 sunt
1847 3552 2041 3636 354-356,

288 3657 437 3738 quamvis
461 3655 499 3721 de
523 3657 569 3722 eis
594 3659 693 3725 etiarn
717 3661 814 3727 aliter
836 3666 980 3729 statuere
1004 3665 1110 3730 liceat.
1153 3665 1279 3734 Deinde
1303 3669 1412 3730 autem
1436 3662 1474 3727 de
1496 3683 1582 3727 nova
1604 3661 1769 3760 emptione
1793 3658 1916 3746 aliquid
1936 3657 2040 3724 dicen·

289 3760 364 3826 dum
389 3767 473 3847 erat,
495 3785 569 3830 nam
593 3766 693 3831 verbo
717 3767 823 3833 dedit
846 3770 897 3834 mi
920 3771 964 3834 ad
988 3771 1084 3836 hane
1107 3793 1184 3836 rem
1209 3771 1440 3856 Apoecidem
1464 3769 1615 3856 flagitant
1637 3767 1833 3852 necessario,
1859 3771 1898 3831 ut
1917 3765 2039 3850 aliquid

278 3872 386 3946 ,antes
414 3869 453 3935 de
481 3893 516 3936 re
544 3870 615 3957 ipsa
644 3872 763 3939 dixerit
789 3880 894 3960 poeta.
941 3875 1021 3943 Post
1048 3877 1112 3943 359
1138 3878 1189 3942 vel
1213 3879 1277 3943 360
1304 3900 1391 3944 nova
1418 3882 1469 3942 ast
1495 3877 1611 3942 lacuna
1640 3882 1738 3961 atque
1761 3873 1910 3940 adhunc
1933 3873 2039 3938 locum

288 3981 465 4062 potuerunt
487 4001 507 4042 a
529 3983 627 4064 poeta
650 3979 760 4065 aliquo
784 3983 964 4066 posteriore
988 3984 1114 4050 adiecta
1138 4006 1208 4050 esse
1232 3985 1289 4049 illa
1312 3985 1505 4050 349-351.
1543 3983 1745 4067 Quamquam
1768 3980 1822 4046 hio
1840 3981 1930 4046 locus
1950 3985 2039 4045 totus

289 4083 437 4150 secundis
467 4085 637 4171 tertiisque
661 4087 746 4152 curis
778 4088 952 4174 aliquando
984 4091 1208 4157 retractandus
1239 4091 1315 4176 erit,
1344 4114 1429 4157 nunc
1458 4091 1540 4156 satis
1570 4091 1674 4156 habeo
1707 4111 1812 4154 meam
1843 4087 2039 4156 sententiam

290 4212 373 4276 quae
395 4190 534 4256 fortasse
557 4193 590 4257 in
615 4194 753 4280 singulis
778 4196 945 4262 immutari
970 4201 1027 4261 aut
1050 4197 1171 4282 poterit
1194 4203 1251 4263 ant
1274 4197 1405 4264 debebit
1427 4198 1571 4264 breviter
1593 4195 1762 4262 indicasse.

450 4315 520 4380 Iam
554 4339 628 4384 vero
659 4323 695 4384 ut
725 4320 765 4384 ad
796 4319 998 4407 singulorum
1029 4343 1181 4387 versuum
1213 4322 1322 4387 crisim
1357 4323 1569 4388 factitandum
1600 4321 1767 4408 accedam,
1797 4345 1825 4386 v.
1851 4321 1914 4386 337
1947 4341 2039 4406 prae·

290 4421 423 4488 ferenda
446 4426 497 4488 est
518 4428 653 4508 propter
675 4427 832 4491 orationis
856 4428 1106 4494 concinnitatem
1130 4449 1242 4494 eorum
1266 4431 1350 4495 ratio
1374 4431 1430 4514 qui
1452 4431 1528 4495 iam
1553 4429 1663 4496 delent
1685 4427 1952 4512 scribendumque

609 4582 729 4652 Fecisti
753 4586 895 4653 officium
918 4592 955 4654 tc
979 4593 1083 4654 tuom:
1107 4609 1158 4655 me
1182 4594 1288 4656 merim
1312 4613 1397 4656 nunc
1419 4589 1524 4656 facere
1547 4593 1685 4677 oportet.

290 4742 433 4807 Proximi
457 4747 523 4809 tr'es
546 4765 660 4810 versus
684 4745 798 4832 igitur,
820 4747 982 4834 uitellos,
1005 4771 1025 4814 a
1043 4752 1255 4815 retractatore
1274 4750 1390 4816 adiecti
1410 4756 1500 4839 sunt,
1522 4750 1599 4817 licet
1617 4749 1657 4815 ds
1676 4751 1739 4817 338
1761 4747 1866 4835 possis
1885 4747 2042 4833 dubitare,

291 4849 355 4913 339
370 4871 417 4934 sq.
441 4849 506 4914 iam
526 4851 669 4918 Weisius
694 4853 822 4918 delevit.
862 4852 981 4920 Omnes
1005 4860 1072 4922 tres
1093 4855 1200 4942 eiecit,
1223 4860 1260 4922 nt
1283 4857 1391 4942 video,
1414 4858 1513 4924 etiam
1532 4856 1715 4945 Ussingius.
1757 4855 1909 4922 Ceterum
1929 4876 1957 4918 v.
1976 4854 2041 4918 339

291 4955 462 5021 verborum
481 4959 624 5042 oppido
647 4960 718 5026 boc
736 4961 815 5025 ordo
833 4982 898 5026 non
918 4962 1123 5048 immutatur,
1147 4963 1174 5028 si
1195 4963 1273 5048 qnid
1291 4964 1447 5030 inseritur
1465 4968 1540 5048 post
1558 4965 1644 5030 tibi.
1678 4963 1914 5029 Pollinctum
1932 4965 2041 5025 eutem
2114 4955 2119 4964 ’

293 5061 507 5128 Goetaianum
525 5085 591 5130 non
610 5065 746 5153 malum,
768 5067 908 5134 fortasse
926 5073 1037 5136 tamen
1059 5069 1113 5135 bio
1136 5070 1293 5156 scriptum
1317 5071 1381 5136 fuit
1404 5072 1653 5156 sepultumst,
1675 5071 1748 5136 vide
1767 5070 1895 5136 Terent.
1913 5069 2042 5139 Phorm.

293 5169 357 5236 942
373 5192 443 5258 sqq.
474 5169 607 5236 nullus
640 5195 721 5238 sum
752 5210 795 5221 -
828 5176 1007 5261 sepultus
1038 5199 1132 5260 sum,
1165 5177 1222 5242 ubi
1255 5177 1403 5242 Donatus
1432 5174 1595 5263 αὔξησις
1622 5200 1705 5243 nam
1733 5179 1820 5265 plus
1849 5184 1910 5245 est
1933 5202 2043 5265 quarn
