4730 5754
1223 283 1271 354 28

1141 386 1351 398 ψ...-

1171 491 1323 558 Emnrous

1344 594 1430 663 'Alia
1452 604 1556 665 matra
1579 603 1643 666 und
1668 605 1759 686 patre

375 743 572 808 quamquam
595 720 736 808 vestigia
758 719 967 787 Ambrosiani
991 723 1032 789 ad
1055 723 1120 788 alia
1142 723 1241 788 verba
1265 723 1394 788 ducunt.

533 847 571 912 V.
590 846 655 912 653
678 851 716 911 ut
742 868 807 911 non
834 868 919 933 nego
945 847 1157 913 Goetzianum
1184 847 1348 913 fidicina
1375 848 1446 912 illa
1474 871 1494 911 a
1517 848 1635 916 litteris
1659 851 1777 916 habere
1800 851 2121 936 commendationem,

373 952 421 1018 ita
443 975 506 1018 nou
531 953 623 1018 credo
647 958 778 1039 poetam
802 976 915 1040 reapse
938 954 985 1019 sic
1007 955 1185 1040 scripsisse.
1229 955 1375 1020 Emendo

691 1093 766 1160 Tibi
790 1096 919 1181 quidem
943 1097 1028 1182 quod
1052 1101 1140 1162 amris
1164 1095 1252 1162 domi
1275 1102 1438 1182 praestost
1462 1135 1502 1144 —
1526 1095 1660 1164 fidicina
1684 1105 1811 1185 empta
1834 1102 1933 1184 opera
1956 1123 2036 1166 mea.

531 1240 570 1305 In
593 1244 753 1325 apparatu
775 1263 803 1304 v.
824 1239 888 1304 655
912 1239 1116 1306 scribendum
1141 1244 1211 1304 erat
1233 1239 1245 1303 i
1268 1239 1371 1304 intro
1395 1240 1564 1306 Muellerus
1587 1241 1691 1308 Ploal.
1710 1242 1797 1308 Pros.
1812 1265 1843 1325 p.
1863 1248 1914 1308 46.

531 1345 570 1411 V.
589 1347 654 1411 660
677 1346 862 1412 coniectura
881 1346 1008 1413 Goetzii
1031 1347 1083 1411 vix
1108 1347 1257 1431 cuiquam
1276 1346 1475 1431 probabitur.
1512 1347 1681 1424 Quomodo
1705 1349 1791 1414 enim
1814 1349 1923 1415 adfer
1941 1350 2122 1435 explicandi

373 1473 487 1517 caussa
518 1452 558 1516 ad
590 1453 777 1518 auxilium
807 1454 941 1539 adiungi
967 1453 1111 1539 potuerit
1139 1475 1204 1518 non
1232 1475 1395 1538 assequor.
1440 1453 1509 1519 Nec
1537 1455 1762 1521 offendendum
1789 1456 1858 1521 ullo
1887 1456 1981 1521 modo
2010 1457 2043 1521 in
2069 1456 2121 1521 his

372 1559 494 1644 verbis,
517 1559 580 1624 nisi
604 1560 690 1645 quod
714 1583 784 1625 cum
809 1559 966 1626 Muellero
990 1583 1031 1625 ac
1054 1560 1111 1624 fer
1132 1583 1191 1644 pro
1215 1560 1323 1626 adfer
1346 1560 1550 1627 scribendum
1575 1563 1710 1628 videtur.

532 1663 684 1732 Ceterum
714 1689 826 1732 versus
857 1668 1040 1733 662-665
1070 1667 1112 1733 ad
1142 1666 1278 1732 alteram
1309 1669 1471 1752 pertinere
1501 1668 1631 1734 fabulae
1661 1670 1894 1755 recensionem,
1925 1671 2009 1756 quod
2040 1671 2122 1735 vidit

375 1773 531 1839 Dniatako
555 1773 576 1840 l.
596 1798 620 1840 a.
639 1796 677 1860 s,
695 1774 765 1861 ipae
790 1796 915 1860 quoque
939 1774 1064 1858 pridem
1088 1774 1128 1838 ad
1153 1774 1316 1860 exemplar
1339 1798 1446 1840 meum
1470 1775 1691 1860 ascnpseram.

531 1879 571 1946 V.
595 1881 658 1947 668
691 1902 786 1946 nemo
819 1880 954 1966 negabit
986 1879 1242 1946 Ribbeckianam
1274 1903 1385 1947 versus
1419 1881 1556 1947 formam
1589 1886 1673 1949 tace
1706 1883 1760 1948 sis
1794 1885 1877 1950 sine
1910 1883 1991 1950 med
2024 1885 2121 1970 longe

373 1991 537 2071 praestare
560 1987 702 2053 numeris
728 1987 913 2053 Goetzianis
937 1992 1021 2053 tace
1044 1987 1127 2053 sine*
1150 1987 1260 2053 modo
1284 2009 1340 2053 me
1362 1989 1561 2055 hominem.
1604 1987 1680 2076 Sed,
1703 1991 1737 2055 ni
1759 1991 1871 2076 fallor,
1894 1992 1959 2056 alia
1981 1990 2121 2056 ineunda

373 2097 424 2158 est
447 2093 637 2160 emendandi
665 2094 763 2180 ratio,
789 2099 827 2159 ut
850 2117 919 2181 me,
946 2116 1009 2180 quo
1033 2095 1128 2160 facile
1156 2117 1328 2180 possumus
1356 2118 1478 2182 carere,
1506 2116 1543 2161 ex
1572 2097 1793 2182 suprascripto
1821 2102 1896 2162 met
1919 2101 2028 2164 ortum
2051 2119 2121 2162 esse

374 2200 531 2267 credatur.
567 2200 695 2282 Licebit
717 2200 818 2288 igitur
842 2206 971 2267 servata
993 2202 1166 2268 verborum
1189 2203 1401 2268 collocatione
1421 2225 1503 2289 quae
1527 2203 1632 2268 estin
1652 2204 1817 2270 codicibus
1837 2205 2121 2270 verauminhunc

374 2307 505 2373 modurn
529 2308 726 2374 constituere

691 2431 775 2499 Tace
799 2432 844 2499 sis
868 2434 963 2500 modo
988 2434 1056 2500 sine
1079 2434 1244 2500 h6minem
1267 2433 1501 2522 apisciissdico
1525 2440 1668 2521 egomet
1689 2435 1750 2500 tibi
1774 2436 1839 2501 iam
1863 2441 1900 2501 dt
1922 2436 2015 2501 scies.
2084 2511 2086 2514 ¹

533 2575 572 2642 V.
591 2577 655 2642 669
679 2576 802 2642 retineo
826 2576 971 2642 codicum
995 2578 1188 2662 scripturam
1211 2577 1285 2642 tibi
1308 2582 1354 2643 te.

533 2683 571 2749 V.
592 2684 657 2748 674
680 2687 790 2749 aestu
814 2689 851 2749 ut
874 2707 891 2750 e
914 2684 1061 2770 proximo
1085 2684 1243 2750 vocabulo
1267 2683 1397 2750 adsies
1422 2689 1529 2751 ortum
1549 2685 1641 2752 deleo
1660 2707 1731 2750 cum
1751 2683 1931 2770 Wagnero,
1954 2688 1991 2748 ut
2009 2705 2121 2749 versus

375 2790 421 2856 aic
444 2791 600 2876 legendus
624 2791 668 2856 sit

693 2879 829 2965 Quique
851 2879 974 2967 tangit,
998 2883 1092 2947 dmne
1115 2880 1271 2966 amburit,
1294 2881 1425 2967 propius
1449 2882 1477 2946 si
1500 2880 1609 2947 adstes
1633 2881 1790 2949 ca‘lefacit.

533 3004 572 3071 V.
593 3005 656 3070 679
681 3009 777 3070 antea
800 3005 846 3070 sic
869 3005 983 3092 scripsi

693 3130 768 3194 dum
793 3130 862 3195 sine
886 3153 937 3195 me
960 3132 1095 3214 quaeras
1120 3152 1202 3195 eum
1226 3152 1362 3215 quaeras
1386 3132 1458 3196 mei
1480 3153 1577 3196 causa
1600 3131 1706 3197 medio
1730 3130 1764 3196 in
1789 3131 1870 3196 mari

376 3277 459 3342 quae
490 3254 649 3341 scriptura
678 3256 786 3319 nescio
818 3277 858 3320 an
888 3254 930 3319 ob
961 3255 1121 3319 variatum
1153 3260 1319 3321 accentum
1343 3278 1507 3340 quaeras
1530 3257 1619 3322 uocis
1643 3257 1785 3342 aliquam
1810 3255 2121 3322 commendationem

375 3363 504 3428 habeat.
550 3362 751 3446 Quamquam
775 3360 873 3426 etiam
897 3366 1022 3427 remeia
1050 3361 1234 3426 subtilitate
1261 3361 1357 3427 huius
1381 3385 1473 3449 usus,
1501 3363 1557 3448 qui
1580 3385 1645 3429 non
1668 3369 1820 3429 constans
1848 3367 1912 3449 est,
1940 3363 2123 3448 auspicetur

376 3469 537 3555 quispiam
562 3469 608 3533 sic
631 3491 651 3532 a
674 3473 771 3552 pcata
794 3489 864 3533 essa
883 3468 1040 3553 scriptum

694 3611 771 3676 dum
795 3633 876 3676 eum
900 3611 969 3676 sine
983 3611 1044 3676 ⁴me
1068 3613 1218 3698 quaeras,
1241 3633 1377 3697 quaeras
1401 3611 1472 3678 mea
1495 3635 1591 3678 eausa
1614 3613 1721 3679 medio
1744 3609 1777 3678 in
1800 3613 1879 3678 mari

378 3753 441 3821 Sed
471 3776 557 3819 nuuc
588 3753 669 3818 mihi
701 3775 813 3819 versus
847 3753 912 3819 alio
945 3753 1041 3819 modo
1074 3753 1202 3819 videtur
1233 3753 1453 3846 resarciendas
1485 3777 1564 3822 esre.
1620 3756 1658 3821 In
1688 3757 1720 3820 A
1752 3755 1831 3822 haec
1861 3754 1944 3840 legit
1973 3752 2122 3819 Loewius

378 3861 436 3928 DU
446 3909 669 3927 .............
681 3858 924 3945 SQUAERAS,
945 3859 1046 3926 habet
1064 3861 1179 3948 igitur,
1202 3866 1240 3926 ut
1259 3884 1297 3926 ex
1317 3860 1432 3946 spatiis
1451 3862 1646 3928 concluseris
1667 3862 1751 3928 dum
1772 3863 1852 3928 sine
1872 3884 1927 3928 me
1946 3883 2121 3946 quaeras,

377 3991 547 4053 quaeres.
593 3966 664 4032 Vel
688 3971 797 4033 autem
821 3967 906 4052 quod
929 3967 963 4031 in
987 3968 1017 4031 A
1041 3967 1132 4033 deest
1155 3972 1243 4034 caret
1266 3969 1454 4054 offensione,
1479 3991 1542 4056 quo
1566 3970 1668 4036 ascito
1693 3970 1799 4035 scribo
1822 3992 1906 4034 nunc

695 4109 771 4175 dum
794 4109 863 4175 sine
886 4131 937 4175 me
961 4110 1267 4196 quaeras,quae1·aa
1290 4132 1362 4176 mea
1385 4115 1482 4176 causa
1504 4112 1556 4176 vel
1579 4111 1685 4176 medio
1708 4109 1740 4176 in
1764 4112 1853 4176 mari.

536 4251 575 4318 V.
594 4253 659 4318 695
691 4251 818 4318 Goatzii
846 4251 961 4318 nimis
993 4257 1106 4318 erunt
1135 4253 1388 4319 obnoxiossae
1420 4254 1507 4320 omni
1536 4258 1623 4320 caret
1648 4253 1938 4320 verisimilitudine.
1968 4253 2001 4319 B
2023 4253 2124 4319 habet

376 4359 477 4426 nihil
501 4381 590 4426 uero
614 4359 803 4425 obnoxios
827 4381 879 4445 se,
902 4359 934 4424 A
957 4359 990 4424 in
1014 4381 1077 4445 quo
1101 4359 1229 4424 initium
1252 4365 1380 4426 tantum
1405 4366 1438 4426 et
1459 4360 1534 4425 finis
1557 4383 1669 4427 versus
1694 4361 1758 4446 legi
1781 4361 1903 4446 potuit,
1925 4359 2053 4426 videtur
2070 4359 2123 4425 hic

377 4468 545 4552 aliquanto
570 4463 678 4552 (2-3
697 4463 777 4552 litt.)
795 4465 869 4552 plus
892 4464 1054 4532 habuisse.
1090 4465 1198 4552 Atque
1222 4472 1317 4533 antea
1340 4468 1484 4533 animum
1506 4468 1632 4553 induxi,
1654 4467 1842 4553 priusquam
1867 4466 2122 4532 emendationem

377 4574 474 4638 huius
505 4573 568 4638 loci
598 4595 825 4658 proponerem,
855 4572 893 4638 de
924 4572 1098 4658 multiplici
1127 4597 1188 4638 usu
1210 4574 1308 4640 huius
1339 4574 1488 4640 vocabuli
1511 4575 1668 4642 disserere
1692 4574 1884 4660 accuratius,
1908 4573 1946 4639 da
1971 4595 2034 4660 quo
2057 4574 2122 4639 iam

380 4685 504 4747 veteres
538 4681 677 4745 incertos
709 4679 808 4744 fuisse
841 4682 1030 4766 cognoveris
1064 4703 1102 4746 ex
1136 4681 1218 4747 Gall.
1242 4681 1297 4746 VI.
1324 4682 1447 4748 17.13.
1502 4681 1619 4747 Lexica
1651 4680 1736 4747 anim
1769 4685 1802 4745 in
1833 4679 1893 4744 hac
1925 4703 1959 4745 re
1992 4681 2123 4746 minime

379 4787 551 4853 sufficiunt.
597 4785 660 4852 Sed
683 4799 767 4851 nunc
791 4787 891 4853 satius
915 4787 1020 4852 visum
1049 4793 1099 4852 est
1126 4788 1344 4873 operosiorem
1371 4788 1455 4854 hano
1482 4787 1842 4854 commentatiunculam
1869 4787 2049 4872 relinquere
2077 4787 2123 4852 in-

379 4894 514 4958 finitam.
559 4893 668 4980 Atque
690 4899 727 4958 ut
750 4893 933 4978 praecidam
957 4895 1060 4979 bravi,
1083 4895 1268 4980 dupliciter,
1290 4895 1353 4961 nisi
1376 4895 1488 4979 fallor,
1510 4895 1585 4960 huic
1607 4897 1678 4961 loco
1702 4897 1811 4980 potest
1834 4894 1975 4960 succurri
2004 4898 2061 4958 aut
2088 4899 2125 4958 ut

380 5001 574 5066 adiectivum
598 5023 700 5086 ponas
724 5000 764 5065 ad
788 5023 902 5066 manus
926 5001 1091 5087 pertinens
1187 5037 1189 5044 ⁴

697 5124 757 5190 Nr‘l
781 5131 870 5192 sunt
893 5150 967 5192 vero
991 5126 1353 5212 obndxiossae.l‡faicto
1377 5149 1473 5213 opere
1497 5126 1709 5193 arbitramino
