4730 5754
1075 305 1096 374 9

368 509 478 597 Atque
500 517 538 578 91
559 534 645 578 9999
668 511 708 577 ed
736 513 874 598 primam
903 535 1052 579 scaenam
1080 513 1186 598 ipsum
1214 513 1378 598 accedam,
1406 535 1478 578 cum
1505 513 1537 579 in
1562 509 1796 580 constituendis
1818 507 1961 580 numeris
2058 573 2066 588 ,

209 615 417 683 Ambrosiani
437 619 620 704 exemplum
640 624 793 706 sequetur
812 642 885 684 cum
901 619 1063 705 Gepperto
1080 619 1247 704 Goetaius,
1269 641 1333 685 non
1356 620 1448 685 video
1468 642 1524 684 cur
1544 643 1571 685 v.
1590 623 1626 685 11
1648 620 1717 686 9199
1737 619 1962 686 testimonium

209 724 445 810 posthabuerit.
490 721 627 792 R'etineo
655 727 757 811 igitur
780 747 818 792 eo
842 746 969 811 quoque
992 747 1087 790 versu
1109 725 1315 790 Ambrosiani
1334 725 1589 811 discriptionem,
1617 726 1704 811 quod
1726 728 1834 812 ipsum
1856 727 1962 791 visum

210 835 260 895 est
283 831 393 896 Brixio
417 834 451 896 et
474 829 632 916 Seyfferto
656 831 784 898 Curcul.
802 833 900 917 praef.
919 831 1023 897 XVII.

369 955 490 1022 Versus
520 957 575 1040 991
602 962 781 1043 sequuntur
807 979 936 1022 versum
963 960 1000 1021 11
1030 956 1110 1022 mihi
1135 957 1282 1022 videntur
1304 957 1434 1022 conflati
1459 979 1527 1021 esse
1552 979 1590 1022 ex
1613 957 1752 1042 singulis
1780 957 1962 1043 panniculis

210 1085 248 1126 ex
272 1062 505 1146 posterioribus
529 1063 658 1128 fabulae
681 1065 863 1130 actionibus
886 1063 1017 1129 relictis.
1063 1061 1121 1128 Sat
1144 1063 1288 1128 inficetas
1313 1069 1399 1128 certe
1417 1063 1619 1148 frigidasque
1637 1064 1770 1130 19991199
1788 1085 1900 1130 versus
1923 1066 1962 1129 18

210 1169 251 1233 ab
276 1169 384 1234 animo
407 1169 583 1254 impetrare
605 1193 670 1236 uon
693 1193 826 1256 possum
851 1173 887 1234 ut
909 1171 949 1234 ab
973 1170 1044 1255 ipso
1069 1168 1185 1235 Plauto
1209 1170 1370 1254 profectas
1394 1193 1464 1236 esse
1487 1171 1678 1236 existimem.
1719 1168 1855 1236 Accedit
1877 1170 1962 1255 quod

211 1276 317 1340 versui
340 1278 376 1340 11
403 1277 525 1362 optime
549 1277 737 1361 adiungitur
760 1301 788 1343 v.
807 1279 859 1342 20.
905 1275 990 1341 Nam
1014 1275 1100 1360 quod
1123 1275 1322 1341 Reinherdto
1346 1277 1685 1362 9991919195-12
1709 1299 1729 1343 9
1751 1283 1962 1344 retractatore

211 1404 282 1448 esse
309 1383 451 1468 additos,
478 1384 510 1448 id
538 1384 619 1448 mihi
648 1383 777 1468 quidem
806 1383 980 1448 verisimile
1008 1404 1073 1447 uon
1101 1383 1237 1447 videtur.
1274 1382 1359 1448 lllud
1382 1385 1597 1449 certissimum
1621 1390 1684 1470 991,
1708 1385 1736 1450 91
1759 1385 1837 1470 quid
1860 1384 1963 1468 video,

212 1511 239 1554 v.
261 1489 300 1554 13
315 1511 385 1575 sqq.
412 1495 487 1575 post
519 1491 647 1576 longius
680 1491 849 1575 utriusque
880 1511 1036 1575 personae
1071 1489 1269 1573 colloquium
1301 1512 1364 1556 999
1398 1497 1493 1574 99199
1521 1512 1604 1574 9999,
1627 1495 1677 1576 91,
1701 1491 1860 1576 siquidem
1887 1513 1964 1556 vera

212 1600 287 1660 sunt
310 1617 392 1680 quae
417 1619 515 1682 supra
533 1597 711 1682 disputavi,
733 1596 809 1662 hinc
827 1619 947 1660 novum
967 1595 1133 1661 exordium
1151 1595 1282 1660 1919199
1305 1596 1463 1681 incepisse
1482 1597 1673 1662 credendum
1693 1598 1750 1683 sit,
1774 1620 1836 1682 quo
1859 1619 1963 1664 nevae

211 1702 331 1767 actioni
356 1703 520 1770 scaenicae
544 1704 773 1769 consuleretur.
819 1702 902 1768 Vide
926 1707 1095 1790 praeterea
1117 1725 1156 1767 99
1178 1724 1260 1786 9999
1285 1702 1323 1767 de
1346 1724 1440 1768 versu
1469 1705 1505 1766 11
1531 1702 1686 1770 dicentur.

371 1827 446 1894 V.'l
479 1829 617 1894 Acidalii
647 1827 847 1893 coadsolet
876 1829 994 1893 iniuria
1024 1851 1043 1892 a
1073 1827 1208 1892 Goetzio
1239 1831 1289 1892 991
1318 1833 1496 1911 receptum,
1525 1827 1625 1893 immo
1655 1851 1697 1894 99
1729 1828 1813 1914 quod
1843 1829 1963 1894 habent

187 1934 335 1999 'codices
359 1935 616 2020 expungendum.
663 1927 789 2000 Cuicul.
809 1935 886 2019 344,
913 1934 969 1998 ubi
992 1934 1026 1998 in
1048 1933 1279 2017 manuscriptis
1304 1938 1353 1998 est
1377 1935 1609 1999 coaccedunt
1630 1939 1716 2001 recte
1740 1957 1812 2000 cum
1835 1934 1962 2020 Gvryeto

211 2040 356 2105 restituit
381 2041 533 2108 Goetzius
562 2040 759 2126 accedunt,
788 2041 1004 2106 Baehreusius
1034 2041 1079 2104 ibi
1107 2061 1149 2104 eo
1177 2041 1362 2105 accedunt
1389 2041 1568 2125 proposuit.
1605 2039 1667 2107 Sed
1691 2042 1962 2126 quemadmodum

212 2168 255 2211 eo
278 2147 339 2214 hoc
368 2149 438 2214 loco
466 2171 503 2213 ex
532 2149 741 2214 antecedente
770 2147 917 2232 gaudeo
947 2149 996 2214 vel
1028 2147 1217 2231 insequente
1241 2147 1410 2233 spondeo
1434 2147 1517 2212 falso
1541 2146 1603 2212 huc
1630 2147 1776 2234 irrepsit,
1803 2150 1849 2214 sic
1876 2150 1962 2214 haud
2036 2177 2038 2182 ·

212 2253 279 2319 ecio
308 2277 349 2319 eu
374 2253 576 2321 Curculionis
605 2255 676 2321 loco
705 2255 780 2320 inde
804 2260 909 2320 ortum
935 2255 991 2340 sit,
1020 2254 1106 2338 quod
1129 2275 1224 2318 versu
1248 2254 1413 2338 superiore
1437 2253 1477 2318 ad
1500 2253 1570 2319 illc
1598 2253 1633 2318 in
1656 2255 1763 2321 codice
1787 2255 1962 2342 archetypo

212 2380 254 2425 9ο
277 2359 406 2426 videtur
429 2363 606 2447 ascriptum
629 2361 738 2428 luisse.

370 2484 408 2550 V.
430 2489 467 2550 11
494 2488 557 2551 nisi
583 2487 668 2550 forte
696 2487 728 2551 iu
754 2485 931 2552 Camerarii
959 2486 1119 2570 scriptura
1146 2485 1411 2571 deperdidisse
1435 2485 1701 2569 acquiescendum
1726 2467 1788 2571 991,
1816 2490 1962 2571 praestet

211 2591 420 2658 Ambrosicni
442 2592 623 2678 discriptio,
646 2593 771 2678 quade
794 2592 923 2658 reside
947 2614 1053 2676 supra.

369 2699 408 2765 V.
431 2701 471 2763 15
495 2699 619 2764 retineo
643 2719 704 2784 ego
728 2698 969 2783 adipiscendi
993 2699 1135 2763 verbum.
1176 2699 1307 2762 Etenim
1330 2719 1407 2762 num
1430 2697 1566 2763 Plautus
1590 2700 1806 2785 compositum
1830 2702 1961 2766 omnino

212 2805 394 2890 evitaverit,
418 2829 499 2892 quae
524 2812 574 2871 est
592 2806 718 2871 Goetzii
743 2807 904 2870 sententia
923 2804 1069 2871 Analect.
1087 2829 1117 2890 p.
1141 2807 1201 2870 100
1217 2827 1295 2890 sqq,
1317 2805 1411 2869 valde
1435 2803 1647 2870 dubitandum
1668 2807 1803 2874 videtur.
1839 2807 1961 2874 Verum

212 2917 262 2976 991
275 2912 444 2998 antiquum
464 2912 664 2997 apiscendi
681 2913 815 2978 verbum
830 2935 849 2977 9
863 2911 1003 2978 librariis
1018 2913 1224 2976 obscuratum
1241 2933 1310 2976 9999
1326 2932 1564 2996 saepenumero.
1601 2913 1710 2998 Atque
1724 2918 1761 2978 ut
1776 2915 1858 2978 alios
1872 2915 1960 2980 locos

212 3018 376 3104 omittam,
390 3017 517 3083 Terent.
530 3019 627 3083 Andr.
642 3020 721 3103 332,
735 3018 790 3083 ubi
805 3019 903 3084 codex
919 3019 1105 3083 decurtatus
1119 3018 1153 3082 in
1167 3040 1280 3082 rasura
1293 3016 1393 3081 habet
1407 3041 1454 3082 9..
1473 3017 1624 3104 piscier,
1643 3041 1774 3103 prorsus
1788 3021 1873 3086 19919
1889 3043 1960 3088 cum

210 3123 432 3210 Fleckeiseno,
452 3125 506 3211 qui
522 3125 658 3211 simplex
673 3125 892 3210 reponendum
908 3147 977 3190 esse
991 3129 1100 3190 censet
1114 3125 1263 3210 idemque
1278 3124 1419 3190 adducor
1434 3129 1470 3188 91
1484 3123 1570 3189 Trin.
1585 3125 1648 3190 367
1665 3147 1737 3190 cum
1751 3126 1862 3193 Reizio
1881 3129 1960 3214 api-

210 3231 333 3297 scitur
353 3233 535 3317 pcneudum
555 3253 624 3296 9999
644 3233 785 3318 credam,
804 3234 860 3297 ubi
882 3237 914 3298 91
933 3237 1072 3297 metrum
1091 3231 1175 3295 hanc
1192 3232 1331 3295 formam
1349 3231 1479 3316 flagitat
1498 3237 1531 3296 91
1544 3231 1755 3298 Ambrosiani
1775 3237 1960 3301 auctoritas.

211 3337 274 3403 Sed
288 3337 370 3402 illud
383 3359 449 3404 non
463 3338 633 3423 intellego,
648 3362 703 3405 cur
717 3339 852 3404 Plautus
867 3361 1041 3423 numquam
1058 3339 1298 3423 adipiscendi
1313 3337 1411 3403 verbo
1427 3360 1504 3402 9999
1520 3360 1590 3403 9999
1605 3339 1736 3405 dicatur.
1765 3339 1846 3406 Vide
1861 3341 1960 3408 etiam

211 3443 310 3510 Stich.
325 3445 398 3510 281.
435 3444 573 3510 Omnino
598 3445 722 3530 priscae
744 3446 920 3511 latinitatis
939 3446 1083 3530 cognitio
1107 3445 1350 3529 augustioribus
1374 3444 1615 3529 circumscripta
1639 3451 1688 3511 991
1706 3447 1838 3532 finibus,
1862 3471 1959 3532 quam

212 3555 248 3615 ut
261 3551 395 3615 verbum
411 3551 543 3636 aliquod
561 3552 601 3617 ab
617 3573 654 3617 ea
669 3550 852 3617 abiudicare
866 3552 983 3617 merito
999 3551 1169 3636 possimus.
1211 3551 1295 3628 Quid
1309 3552 1395 3637 quod
1409 3550 1469 3616 hoc
1483 3550 1611 3636 Epidici
1625 3553 1696 3619 loco
1710 3551 1833 3638 primus
1849 3577 1959 3620 versus

209 3679 267 3743 pes
290 3658 319 3722 si
342 3678 406 3722 non
431 3657 594 3722 desiderat
620 3662 655 3723 at
682 3659 885 3724 commendat
912 3663 1020 3723 tamen
1048 3658 1225 3742 pleniorem
1249 3680 1427 3722 numerum.
1471 3657 1554 3722 Vide
1583 3657 1681 3722 etism
1703 3657 1896 3745 Ussingium
1918 3662 1958 3727 cd

211 3763 382 3849 0991482
405 3785 478 3830 cum
501 3764 664 3831 addendis.

369 3869 408 3937 V.
431 3872 468 3935 17
494 3872 578 3956 agie
605 3895 670 3938 non
694 3873 894 3937 mutandum.
939 3871 978 3936 V.
999 3872 1083 3937 enim
1107 3873 1211 3957 3sqq.
1231 3877 1263 3937 91
1291 3873 1329 3936 13
1345 3893 1413 3956 sqq.
1431 3892 1497 3936 non
1521 3870 1561 3936 ab
1585 3893 1649 3936 uno
1673 3877 1770 3956 99919
1793 3894 1863 3939 9999
1886 3898 1958 3960 pro-

211 3975 311 4042 199199
339 3999 437 4064 supra
463 3977 612 4044 vidimus.
658 3979 750 4055 Quod
774 3979 802 4044 91
832 3979 866 4043 19
888 3978 940 4042 his
964 3979 1132 4044 versiculis
1161 3979 1358 4044 diuersarum
1383 3978 1545 4043 actionum
1570 3977 1747 4063 particulae
1769 3977 1959 4067 habeantur,

210 4105 276 4149 non
290 4087 339 4150 est
353 4107 409 4150 cur
423 4087 506 4172 agis
520 4085 554 4150 in
569 4087 625 4150 ais
641 4107 713 4150 cum
728 4085 875 4152 Acidalio
890 4085 1079 4168 corrigatur.
1111 4085 1202 4160 Quod
1217 4089 1326 4150 autern
1341 4084 1459 4170 inipso
1474 4083 1582 4149 codice
1595 4082 1624 4149 J
1632 4084 1714 4149 illud
1729 4084 1785 4149 919
1801 4086 1958 4171 scriptum

210 4195 273 4275 991,
296 4214 361 4257 999
384 4197 434 4258 991
456 4193 542 4278 quod
564 4193 694 4258 mirere:
718 4192 764 4256 911
788 4197 838 4257 991
860 4191 923 4256 9191
946 4191 1130 4256 coniectura
1153 4195 1254 4272 vetos.
1300 4190 1415 4256 Voluit
1437 4191 1465 4254 is
1489 4190 1545 4275 qui
1568 4191 1624 4256 ais
1648 4190 1791 4281 scripsit,
1814 4190 1847 4256 id
1871 4195 1957 4278 quod

210 4318 273 4363 uon
298 4298 397 4363 semel
420 4297 540 4363 factum
565 4299 725 4383 videmus,
748 4299 869 4364 evitare
893 4298 977 4383 agis
1001 4297 1051 4362 bis
1076 4298 1228 4381 positum.

369 4404 477 4489 Atque
497 4405 737 4471 retractationis
757 4406 875 4470 iudicia
893 4411 945 4469 991
963 4403 1136 4470 manifesta
1160 4405 1258 4469 etiarn
1282 4405 1316 4468 in
1336 4426 1363 4467 v.
1386 4405 1425 4468 19
1447 4403 1589 4489 invenio,
1612 4403 1667 4489 qui
1686 4403 1750 4468 nisi
1773 4405 1883 4470 emnia
1907 4429 1957 4472 me

209 4511 343 4596 1911991,
365 4532 478 4575 versus
500 4511 577 4577 9991
601 4514 651 4576 991
674 4512 831 4596 geminus.
878 4511 969 4577 Unde
993 4512 1090 4576 simul
1113 4533 1311 4596 consequens
1334 4510 1396 4575 boc
1419 4509 1547 4574 videtur
1569 4515 1722 4596 corrupta
1744 4511 1843 4576 verba
1865 4535 1895 4579 v.
1916 4513 1956 4576 19
2026 4555 2028 4561 -

208 4639 274 4681 non
297 4617 343 4680 sic
366 4638 436 4682 esse
459 4617 670 4702 emendanda,
699 4617 747 4682 uti
776 4619 854 4683 19911
878 4617 1040 4684 Goetzius.
1087 4617 1174 4694 Quae
1206 4619 1338 4682 eandem
1369 4617 1563 4682 seutentiam
1594 4617 1741 4682 videntur
1770 4618 1956 4701 praebuisse

210 4729 308 4808 atque
336 4723 433 4788 verba
461 4746 573 4790 versus
604 4727 624 4787 ll
655 4725 867 4810 exemplum
900 4725 1035 4790 edesse
1067 4722 1272 4808 intellego,
1304 4745 1386 4808 quae
1418 4725 1489 4809 ipsa
1519 4725 1657 4788 fortasse
1688 4746 1761 4788 cum
1794 4724 1956 4811 Geppertc

209 4829 346 4914 Epidico
370 4835 446 4895 sunt
464 4832 689 4896 continuanda.
731 4829 923 4916 Corruptele
941 4830 1099 4895 Palatinis
1119 4829 1246 4894 videtur
1263 4829 1440 4915 antiquior,
1462 4835 1500 4895 ut
1518 4853 1555 4895 ex
1574 4829 1783 4895 Ambrosiani
1801 4832 1957 4898 memoria

209 4937 253 5001 911
280 4930 553 5022 proficiscendum.
599 4939 637 5003 ln
661 4960 725 5023 quo
747 4937 826 5002 hacc
849 4937 931 5023 legit
953 4937 1100 5002 Loewius
1213 5024 1315 5091 001
1388 5025 1439 5090 IM

695 5130 1379 5217 Quouusuuuurnuuuuuscosruu
1381 5131 1455 5197 TA·
1468 5153 1472 5158 ·
