<?xml version="1.0" encoding="UTF-8"?>
<!DOCTYPE html PUBLIC "-//W3C//DTD XHTML 1.0 Transitional//EN"
    "http://www.w3.org/TR/xhtml1/DTD/xhtml1-transitional.dtd">
<html xmlns="http://www.w3.org/1999/xhtml" xml:lang="en" lang="en">
 <head>
  <title>
</title>
<meta http-equiv="Content-Type" content="text/html;charset=utf-8" />
  <meta name='ocr-system' content='tesseract 3.04.00' />
  <meta name='ocr-capabilities' content='ocr_page ocr_carea ocr_par ocr_line ocrx_word'/>
</head>
<body>
  <div class='ocr_page' id='page_1' title='image "adepidicumplaut01haspgoog_0031.png"; bbox 0 0 4730 5754; ppageno 0'>
   <div class='ocr_carea' id='block_1_1' title="bbox 1221 265 1415 358">
    <p class='ocr_par' dir='ltr' id='par_1_1' title="bbox 1221 265 1415 358">
     <span class='ocr_line' id='line_1_1' title="bbox 1221 265 1415 358; baseline 0.005 -22"><span class='ocrx_word' id='word_1_1' title='bbox 1221 265 1279 358; x_wconf 79' lang='grc' dir='ltr'>26Ι</span> <span class='ocrx_word' id='word_1_2' title='bbox 1409 343 1415 350; x_wconf 62' lang='grc'>,</span> 
     </span>
    </p>
   </div>
   <div class='ocr_carea' id='block_1_2' title="bbox 1167 474 1735 627">
    <p class='ocr_par' dir='ltr' id='par_1_2' title="bbox 1167 474 1735 627">
     <span class='ocr_line' id='line_1_2' title="bbox 1167 474 1319 538; baseline 0 0"><span class='ocrx_word' id='word_1_3' title='bbox 1167 474 1319 538; x_wconf 74' lang='lat' dir='ltr'>Parmam</span> 
     </span>
     <span class='ocr_line' id='line_1_3' title="bbox 1398 561 1735 627; baseline -0.006 -1"><span class='ocrx_word' id='word_1_4' title='bbox 1398 561 1460 626; x_wconf 78' lang='lat' dir='ltr'>Em</span> <span class='ocrx_word' id='word_1_5' title='bbox 1483 561 1568 627; x_wconf 89' lang='lat' dir='ltr'>istuc</span> <span class='ocrx_word' id='word_1_6' title='bbox 1592 561 1735 627; x_wconf 85' lang='lat' dir='ltr'>re‘ctiust.</span> 
     </span>
    </p>
   </div>
   <div class='ocr_carea' id='block_1_3' title="bbox 690 686 1347 1030">
    <p class='ocr_par' dir='ltr' id='par_1_3' title="bbox 690 686 1347 1030">
     <span class='ocr_line' id='line_1_4' title="bbox 1142 686 1347 752; baseline 0.01 -2"><span class='ocrx_word' id='word_1_7' title='bbox 1142 686 1347 752; x_wconf 78' lang='lat' dir='ltr'>Pnsrrrrnuns</span> 
     </span>
     <span class='ocr_line' id='line_1_5' title="bbox 690 775 974 841; baseline 0.004 -2"><span class='ocrx_word' id='word_1_8' title='bbox 690 775 889 841; x_wconf 73' lang='lat' dir='ltr'>Meministin</span> <span class='ocrx_word' id='word_1_9' title='bbox 913 776 974 840; x_wconf 77' lang='lat' dir='ltr'>id?</span> 
     </span>
     <span class='ocr_line' id='line_1_6' title="bbox 1167 863 1322 929; baseline -0.006 -1"><span class='ocrx_word' id='word_1_10' title='bbox 1167 863 1322 929; x_wconf 74' lang='lat' dir='ltr'>Panassa</span> 
     </span>
     <span class='ocr_line' id='line_1_7' title="bbox 983 952 1101 1030; baseline 0.008 -13"><span class='ocrx_word' id='word_1_11' title='bbox 983 952 1101 1030; x_wconf 73' lang='lat' dir='ltr'>Quid?</span> 
     </span>
    </p>
   </div>
   <div class='ocr_carea' id='block_1_4' title="bbox 1099 1041 1555 1336">
    <p class='ocr_par' dir='ltr' id='par_1_4' title="bbox 1099 1041 1555 1336">
     <span class='ocr_line' id='line_1_8' title="bbox 1144 1041 1349 1106; baseline -0.005 -1"><span class='ocrx_word' id='word_1_12' title='bbox 1144 1041 1349 1106; x_wconf 75' lang='lat' dir='ltr'>Pnsrrnauns</span> 
     </span>
     <span class='ocr_line' id='line_1_9' title="bbox 1099 1145 1555 1232; baseline 0 -20"><span class='ocrx_word' id='word_1_13' title='bbox 1099 1147 1310 1212; x_wconf 79' lang='lat' dir='ltr'>Meministin</span> <span class='ocrx_word' id='word_1_14' title='bbox 1331 1145 1367 1211; x_wconf 86' lang='lat' dir='ltr'>in</span> <span class='ocrx_word' id='word_1_15' title='bbox 1389 1147 1555 1232; x_wconf 80' lang='lat' dir='ltr'>Epidauro</span> 
     </span>
     <span class='ocr_line' id='line_1_10' title="bbox 1171 1271 1323 1336; baseline -0.013 0"><span class='ocrx_word' id='word_1_16' title='bbox 1171 1271 1323 1336; x_wconf 74' lang='lat' dir='ltr'>Parmam</span> 
     </span>
    </p>
   </div>
   <div class='ocr_carea' id='block_1_5' title="bbox 372 1359 1786 1536">
    <p class='ocr_par' dir='ltr' id='par_1_5' title="bbox 372 1359 1786 1536">
     <span class='ocr_line' id='line_1_11' title="bbox 1565 1359 1786 1446; baseline 0 -22"><span class='ocrx_word' id='word_1_17' title='bbox 1565 1359 1630 1439; x_wconf 80' lang='lat' dir='ltr'>Ah,</span> <span class='ocrx_word' id='word_1_18' title='bbox 1655 1361 1786 1446; x_wconf 79' lang='lat' dir='ltr'>guttula</span> 
     </span>
     <span class='ocr_line' id='line_1_12' title="bbox 372 1450 1241 1536; baseline -0.002 -20"><span class='ocrx_word' id='word_1_19' title='bbox 372 1452 437 1517; x_wconf 91' lang='grc'>555</span> <span class='ocrx_word' id='word_1_20' title='bbox 691 1451 808 1517; x_wconf 79' lang='lat' dir='ltr'>Pectus</span> <span class='ocrx_word' id='word_1_21' title='bbox 832 1451 948 1517; x_wconf 87' lang='lat' dir='ltr'>ardens</span> <span class='ocrx_word' id='word_1_22' title='bbox 973 1452 1018 1516; x_wconf 93' lang='lat' dir='ltr'>mi</span> <span class='ocrx_word' id='word_1_23' title='bbox 1041 1450 1241 1536; x_wconf 76' lang='lat' dir='ltr'>adspersisti.</span> 
     </span>
    </p>
   </div>
   <div class='ocr_carea' id='block_1_6' title="bbox 373 1591 2131 2105">
    <p class='ocr_par' dir='ltr' id='par_1_6' title="bbox 373 1591 2131 1892">
     <span class='ocr_line' id='line_1_13' title="bbox 374 1591 2131 1678; baseline 0.001 -21"><span class='ocrx_word' id='word_1_24' title='bbox 374 1592 506 1658; x_wconf 77' lang='lat' dir='ltr'><strong>Praeter</strong></span> <span class='ocrx_word' id='word_1_25' title='bbox 532 1594 732 1659; x_wconf 87' lang='lat' dir='ltr'>coniecturas</span> <span class='ocrx_word' id='word_1_26' title='bbox 759 1593 976 1658; x_wconf 86' lang='lat' dir='ltr'>memoria&#39;s</span> <span class='ocrx_word' id='word_1_27' title='bbox 1002 1614 1136 1678; x_wconf 82' lang='lat' dir='ltr'>nempe</span> <span class='ocrx_word' id='word_1_28' title='bbox 1162 1592 1402 1658; x_wconf 77' lang='lat' dir='ltr'>meministin</span> <span class='ocrx_word' id='word_1_29' title='bbox 1428 1593 1486 1658; x_wconf 83' lang='lat' dir='ltr'>id?</span> <span class='ocrx_word' id='word_1_30' title='bbox 1516 1591 1629 1677; x_wconf 81' lang='lat' dir='ltr'>qnid?</span> <span class='ocrx_word' id='word_1_31' title='bbox 1659 1591 1899 1657; x_wconf 89' lang='lat' dir='ltr'>meministin</span> <span class='ocrx_word' id='word_1_32' title='bbox 1925 1593 2025 1660; x_wconf 86' lang='lat' dir='ltr'>verba</span> <span class='ocrx_word' id='word_1_33' title='bbox 2048 1615 2131 1678; x_wconf 90' lang='lat' dir='ltr'>qnae</span> 
     </span>
     <span class='ocr_line' id='line_1_14' title="bbox 373 1697 2130 1785; baseline 0 -21"><span class='ocrx_word' id='word_1_34' title='bbox 373 1705 450 1765; x_wconf 87' lang='lat' dir='ltr'>sunt</span> <span class='ocrx_word' id='word_1_35' title='bbox 473 1705 548 1785; x_wconf 90' lang='lat' dir='ltr'>post</span> <span class='ocrx_word' id='word_1_36' title='bbox 571 1701 667 1766; x_wconf 90' lang='lat' dir='ltr'>mira</span> <span class='ocrx_word' id='word_1_37' title='bbox 691 1699 908 1765; x_wconf 89' lang='lat' dir='ltr'>memoria’s</span> <span class='ocrx_word' id='word_1_38' title='bbox 932 1701 1029 1764; x_wconf 88' lang='lat' dir='ltr'>aliter</span> <span class='ocrx_word' id='word_1_39' title='bbox 1052 1699 1199 1785; x_wconf 86' lang='lat' dir='ltr'>personis</span> <span class='ocrx_word' id='word_1_40' title='bbox 1223 1697 1297 1763; x_wconf 89' lang='lat' dir='ltr'>dedi</span> <span class='ocrx_word' id='word_1_41' title='bbox 1321 1703 1419 1784; x_wconf 89' lang='lat' dir='ltr'>atqua</span> <span class='ocrx_word' id='word_1_42' title='bbox 1443 1699 1548 1764; x_wconf 89' lang='lat' dir='ltr'>adbuc</span> <span class='ocrx_word' id='word_1_43' title='bbox 1570 1699 1694 1764; x_wconf 84' lang='lat' dir='ltr'>facturn</span> <span class='ocrx_word' id='word_1_44' title='bbox 1714 1703 1801 1784; x_wconf 79' lang='lat' dir='ltr'>crat,</span> <span class='ocrx_word' id='word_1_45' title='bbox 1821 1722 1885 1784; x_wconf 92' lang='lat' dir='ltr'>qua</span> <span class='ocrx_word' id='word_1_46' title='bbox 1902 1699 1936 1764; x_wconf 90' lang='lat' dir='ltr'>iu</span> <span class='ocrx_word' id='word_1_47' title='bbox 1961 1721 2130 1766; x_wconf 89' lang='lat' dir='ltr'>remoneo</span> 
     </span>
     <span class='ocr_line' id='line_1_15' title="bbox 374 1804 1415 1892; baseline 0 -21"><span class='ocrx_word' id='word_1_48' title='bbox 374 1807 474 1872; x_wconf 86' lang='lat' dir='ltr'>etiam</span> <span class='ocrx_word' id='word_1_49' title='bbox 497 1806 530 1871; x_wconf 93' lang='lat' dir='ltr'>in</span> <span class='ocrx_word' id='word_1_50' title='bbox 554 1807 588 1871; x_wconf 90' lang='lat' dir='ltr'><strong><em>B</em></strong></span> <span class='ocrx_word' id='word_1_51' title='bbox 613 1807 710 1872; x_wconf 83' lang='lat' dir='ltr'>verba</span> <span class='ocrx_word' id='word_1_52' title='bbox 733 1830 788 1871; x_wconf 92' lang='lat' dir='ltr'>em</span> <span class='ocrx_word' id='word_1_53' title='bbox 812 1807 915 1873; x_wconf 90' lang='lat' dir='ltr'>istuc</span> <span class='ocrx_word' id='word_1_54' title='bbox 938 1807 1085 1872; x_wconf 88' lang='lat' dir='ltr'>rectius</span> <span class='ocrx_word' id='word_1_55' title='bbox 1109 1805 1282 1892; x_wconf 88' lang='lat' dir='ltr'>Philippae</span> <span class='ocrx_word' id='word_1_56' title='bbox 1305 1804 1415 1871; x_wconf 90' lang='lat' dir='ltr'>tribui.</span> 
     </span>
    </p>

    <p class='ocr_par' dir='ltr' id='par_1_7' title="bbox 375 1913 2131 2105">
     <span class='ocr_line' id='line_1_16' title="bbox 535 1913 2131 1999; baseline 0.001 -22"><span class='ocrx_word' id='word_1_57' title='bbox 535 1913 573 1978; x_wconf 92' lang='lat' dir='ltr'>V.</span> <span class='ocrx_word' id='word_1_58' title='bbox 592 1914 655 1978; x_wconf 89' lang='grc'>557</span> <span class='ocrx_word' id='word_1_59' title='bbox 676 1917 786 1999; x_wconf 91' lang='lat' dir='ltr'>potest</span> <span class='ocrx_word' id='word_1_60' title='bbox 805 1913 838 1978; x_wconf 87' lang='lat' dir='ltr'><em>B</em></span> <span class='ocrx_word' id='word_1_61' title='bbox 856 1914 975 1979; x_wconf 86' lang='lat' dir='ltr'>codicis</span> <span class='ocrx_word' id='word_1_62' title='bbox 995 1913 1157 1999; x_wconf 89' lang='lat' dir='ltr'>scriptura</span> <span class='ocrx_word' id='word_1_63' title='bbox 1179 1935 1260 1978; x_wconf 90' lang='lat' dir='ltr'>mea</span> <span class='ocrx_word' id='word_1_64' title='bbox 1283 1934 1464 1977; x_wconf 78' lang='lat' dir='ltr'>aerumna</span> <span class='ocrx_word' id='word_1_65' title='bbox 1487 1933 1525 1976; x_wconf 83' lang='lat' dir='ltr'>ex</span> <span class='ocrx_word' id='word_1_66' title='bbox 1549 1933 1638 1976; x_wconf 89' lang='lat' dir='ltr'>mero</span> <span class='ocrx_word' id='word_1_67' title='bbox 1662 1933 1769 1978; x_wconf 88' lang='lat' dir='ltr'>errore</span> <span class='ocrx_word' id='word_1_68' title='bbox 1792 1913 1939 1998; x_wconf 84' lang='lat' dir='ltr'>profecta</span> <span class='ocrx_word' id='word_1_69' title='bbox 1961 1934 2046 1998; x_wconf 88' lang='lat' dir='ltr'>esse,</span> <span class='ocrx_word' id='word_1_70' title='bbox 2070 1913 2131 1978; x_wconf 82' lang='lat' dir='ltr'>lor·</span> 
     </span>
     <span class='ocr_line' id='line_1_17' title="bbox 375 2019 1777 2105; baseline 0.001 -23"><span class='ocrx_word' id='word_1_71' title='bbox 375 2025 462 2085; x_wconf 89' lang='lat' dir='ltr'>tasse</span> <span class='ocrx_word' id='word_1_72' title='bbox 486 2023 595 2084; x_wconf 85' lang='lat' dir='ltr'>tamen</span> <span class='ocrx_word' id='word_1_73' title='bbox 620 2019 708 2085; x_wconf 89' lang='lat' dir='ltr'>ducit</span> <span class='ocrx_word' id='word_1_74' title='bbox 732 2020 772 2084; x_wconf 89' lang='lat' dir='ltr'>ad</span> <span class='ocrx_word' id='word_1_75' title='bbox 797 2021 879 2086; x_wconf 90' lang='lat' dir='ltr'>med</span> <span class='ocrx_word' id='word_1_76' title='bbox 902 2041 1098 2105; x_wconf 87' lang='lat' dir='ltr'>aerumna,</span> <span class='ocrx_word' id='word_1_77' title='bbox 1120 2023 1158 2084; x_wconf 88' lang='lat' dir='ltr'>ut</span> <span class='ocrx_word' id='word_1_78' title='bbox 1181 2024 1285 2084; x_wconf 89' lang='lat' dir='ltr'>tuam</span> <span class='ocrx_word' id='word_1_79' title='bbox 1309 2019 1424 2084; x_wconf 87' lang='lat' dir='ltr'>vocula</span> <span class='ocrx_word' id='word_1_80' title='bbox 1446 2041 1580 2105; x_wconf 88' lang='lat' dir='ltr'>prorsus</span> <span class='ocrx_word' id='word_1_81' title='bbox 1605 2023 1777 2084; x_wconf 76' lang='lat' dir='ltr'>evanescat</span> 
     </span>
    </p>
   </div>
   <div class='ocr_carea' id='block_1_7' title="bbox 655 2159 1848 2248">
    <p class='ocr_par' dir='ltr' id='par_1_8' title="bbox 655 2159 1848 2248">
     <span class='ocr_line' id='line_1_18' title="bbox 655 2159 1848 2248; baseline 0.001 -23"><span class='ocrx_word' id='word_1_82' title='bbox 655 2160 721 2238; x_wconf 78' lang='lat' dir='ltr'>Qus</span> <span class='ocrx_word' id='word_1_83' title='bbox 741 2184 799 2248; x_wconf 90' lang='lat' dir='ltr'>per</span> <span class='ocrx_word' id='word_1_84' title='bbox 822 2162 1024 2248; x_wconf 73' lang='lat' dir='ltr'>voluptatem</span> <span class='ocrx_word' id='word_1_85' title='bbox 1048 2166 1139 2226; x_wconf 87' lang='lat' dir='ltr'>tuam</span> <span class='ocrx_word' id='word_1_86' title='bbox 1161 2162 1195 2226; x_wconf 91' lang='lat' dir='ltr'>in</span> <span class='ocrx_word' id='word_1_87' title='bbox 1220 2160 1293 2227; x_wconf 85' lang='lat' dir='ltr'>med</span> <span class='ocrx_word' id='word_1_88' title='bbox 1317 2166 1503 2226; x_wconf 79' lang='lat' dir='ltr'>aerumnam</span> <span class='ocrx_word' id='word_1_89' title='bbox 1526 2159 1686 2227; x_wconf 72' lang='lat' dir='ltr'>obsevisti</span> <span class='ocrx_word' id='word_1_90' title='bbox 1707 2181 1848 2246; x_wconf 80' lang='lat' dir='ltr'>gravem.</span> 
     </span>
    </p>
   </div>
   <div class='ocr_carea' id='block_1_8' title="bbox 376 2303 2133 2604">
    <p class='ocr_par' dir='ltr' id='par_1_9' title="bbox 376 2303 2133 2604">
     <span class='ocr_line' id='line_1_19' title="bbox 537 2303 2133 2391; baseline 0.001 -24"><span class='ocrx_word' id='word_1_91' title='bbox 537 2303 575 2370; x_wconf 95' lang='lat' dir='ltr'>V.</span> <span class='ocrx_word' id='word_1_92' title='bbox 594 2305 659 2370; x_wconf 87' lang='grc'>563</span> <span class='ocrx_word' id='word_1_93' title='bbox 679 2304 710 2368; x_wconf 86' lang='grc' dir='ltr'><strong><em>Α</em></strong></span> <span class='ocrx_word' id='word_1_94' title='bbox 729 2327 841 2371; x_wconf 86' lang='lat' dir='ltr'>revera</span> <span class='ocrx_word' id='word_1_95' title='bbox 864 2306 937 2391; x_wconf 92' lang='lat' dir='ltr'>plus</span> <span class='ocrx_word' id='word_1_96' title='bbox 958 2304 1085 2370; x_wconf 83' lang='lat' dir='ltr'>ridetur</span> <span class='ocrx_word' id='word_1_97' title='bbox 1107 2305 1271 2369; x_wconf 85' lang='lat' dir='ltr'>habuisse.</span> <span class='ocrx_word' id='word_1_98' title='bbox 1308 2304 1456 2370; x_wconf 90' lang='lat' dir='ltr'>Loewius</span> <span class='ocrx_word' id='word_1_99' title='bbox 1475 2305 1562 2368; x_wconf 90' lang='lat' dir='ltr'>inter</span> <span class='ocrx_word' id='word_1_100' title='bbox 1584 2303 1685 2369; x_wconf 91' lang='lat' dir='ltr'>domi</span> <span class='ocrx_word' id='word_1_101' title='bbox 1709 2309 1888 2369; x_wconf 80' lang='lat' dir='ltr'>et&#39;eccam</span> <span class='ocrx_word' id='word_1_102' title='bbox 1909 2307 1928 2370; x_wconf 91' lang='lat'><em>8</em></span> <span class='ocrx_word' id='word_1_103' title='bbox 1949 2305 2133 2372; x_wconf 89' lang='lat' dir='ltr'>litterarum</span> 
     </span>
     <span class='ocr_line' id='line_1_20' title="bbox 376 2409 2133 2496; baseline -0.001 -21"><span class='ocrx_word' id='word_1_104' title='bbox 376 2416 496 2496; x_wconf 89' lang='lat' dir='ltr'>puncta</span> <span class='ocrx_word' id='word_1_105' title='bbox 519 2416 621 2476; x_wconf 87' lang='lat' dir='ltr'>notat.</span> <span class='ocrx_word' id='word_1_106' title='bbox 668 2411 743 2476; x_wconf 89' lang='lat' dir='ltr'>Nisi</span> <span class='ocrx_word' id='word_1_107' title='bbox 765 2413 847 2477; x_wconf 85' lang='lat' dir='ltr'>forts</span> <span class='ocrx_word' id='word_1_108' title='bbox 872 2433 975 2477; x_wconf 85' lang='lat' dir='ltr'>meae</span> <span class='ocrx_word' id='word_1_109' title='bbox 999 2411 1115 2476; x_wconf 85' lang='lat' dir='ltr'>vocula</span> <span class='ocrx_word' id='word_1_110' title='bbox 1137 2411 1187 2477; x_wconf 90' lang='lat' dir='ltr'>bis</span> <span class='ocrx_word' id='word_1_111' title='bbox 1211 2412 1245 2476; x_wconf 94' lang='lat' dir='ltr'>iu</span> <span class='ocrx_word' id='word_1_112' title='bbox 1269 2433 1308 2476; x_wconf 88' lang='lat' dir='ltr'>eo</span> <span class='ocrx_word' id='word_1_113' title='bbox 1332 2410 1454 2496; x_wconf 88' lang='lat' dir='ltr'>scripta</span> <span class='ocrx_word' id='word_1_114' title='bbox 1484 2415 1568 2496; x_wconf 89' lang='lat' dir='ltr'>erat,</span> <span class='ocrx_word' id='word_1_115' title='bbox 1595 2409 1712 2475; x_wconf 88' lang='lat' dir='ltr'>habuit</span> <span class='ocrx_word' id='word_1_116' title='bbox 1739 2411 1877 2476; x_wconf 82' lang='lat' dir='ltr'>fortasse</span> <span class='ocrx_word' id='word_1_117' title='bbox 1905 2410 2006 2474; x_wconf 91' lang='lat' dir='ltr'>domi</span> <span class='ocrx_word' id='word_1_118' title='bbox 2034 2409 2133 2474; x_wconf 86' lang='lat' dir='ltr'>enim</span> 
     </span>
     <span class='ocr_line' id='line_1_21' title="bbox 376 2518 1228 2604; baseline 0.002 -21"><span class='ocrx_word' id='word_1_119' title='bbox 376 2539 494 2603; x_wconf 88' lang='lat' dir='ltr'>meae,</span> <span class='ocrx_word' id='word_1_120' title='bbox 517 2541 714 2603; x_wconf 88' lang='lat' dir='ltr'>quamquam</span> <span class='ocrx_word' id='word_1_121' title='bbox 738 2539 799 2602; x_wconf 82' lang='lat' dir='ltr'>ego</span> <span class='ocrx_word' id='word_1_122' title='bbox 822 2518 884 2583; x_wconf 87' lang='lat' dir='ltr'>hoc</span> <span class='ocrx_word' id='word_1_123' title='bbox 908 2518 1041 2583; x_wconf 89' lang='lat' dir='ltr'>minime</span> <span class='ocrx_word' id='word_1_124' title='bbox 1065 2519 1228 2604; x_wconf 90' lang='lat' dir='ltr'>recipiam.</span> 
     </span>
    </p>
   </div>
   <div class='ocr_carea' id='block_1_9' title="bbox 378 2623 2229 2822">
    <p class='ocr_par' dir='ltr' id='par_1_10' title="bbox 378 2623 2229 2822">
     <span class='ocr_line' id='line_1_22' title="bbox 537 2623 2133 2710; baseline -0.001 -21"><span class='ocrx_word' id='word_1_125' title='bbox 537 2625 576 2690; x_wconf 92' lang='lat' dir='ltr'>V.</span> <span class='ocrx_word' id='word_1_126' title='bbox 596 2625 659 2690; x_wconf 90' lang='grc'>567</span> <span class='ocrx_word' id='word_1_127' title='bbox 680 2624 1247 2691; x_wconf 75' lang='lat' dir='ltr'>DaiatzlroJen.Littcrutnra1879</span> <span class='ocrx_word' id='word_1_128' title='bbox 1264 2629 1383 2708; x_wconf 63' lang='lat'><strong><em>1223&amp;</em></strong></span> <span class='ocrx_word' id='word_1_129' title='bbox 1405 2624 1473 2689; x_wconf 92' lang='lat' dir='ltr'>iure</span> <span class='ocrx_word' id='word_1_130' title='bbox 1497 2623 1632 2690; x_wconf 85' lang='lat' dir='ltr'>offendit</span> <span class='ocrx_word' id='word_1_131' title='bbox 1655 2625 1688 2688; x_wconf 91' lang='lat' dir='ltr'>in</span> <span class='ocrx_word' id='word_1_132' title='bbox 1708 2625 1829 2710; x_wconf 76' lang='lat' dir='ltr'>duplici</span> <span class='ocrx_word' id='word_1_133' title='bbox 1848 2625 1880 2688; x_wconf 88' lang='lat' dir='ltr'>si</span> <span class='ocrx_word' id='word_1_134' title='bbox 1904 2646 1998 2709; x_wconf 89' lang='lat' dir='ltr'>mea,</span> <span class='ocrx_word' id='word_1_135' title='bbox 2021 2646 2133 2709; x_wconf 92' lang='lat' dir='ltr'>quam·</span> 
     </span>
     <span class='ocr_line' id='line_1_23' title="bbox 378 2729 2229 2822; baseline -0.002 -25"><span class='ocrx_word' id='word_1_136' title='bbox 378 2755 475 2818; x_wconf 91' lang='lat' dir='ltr'>quam</span> <span class='ocrx_word' id='word_1_137' title='bbox 500 2731 586 2817; x_wconf 90' lang='lat' dir='ltr'>quod</span> <span class='ocrx_word' id='word_1_138' title='bbox 610 2733 680 2817; x_wconf 89' lang='lat' dir='ltr'>ipse</span> <span class='ocrx_word' id='word_1_139' title='bbox 704 2734 876 2818; x_wconf 77' lang='lat' dir='ltr'>proposuit</span> <span class='ocrx_word' id='word_1_140' title='bbox 894 2731 975 2798; x_wconf 92' lang='lat' dir='ltr'>mibi</span> <span class='ocrx_word' id='word_1_141' title='bbox 993 2755 1057 2797; x_wconf 91' lang='lat' dir='ltr'>non</span> <span class='ocrx_word' id='word_1_142' title='bbox 1078 2732 1243 2816; x_wconf 86' lang='lat' dir='ltr'>probatur.</span> <span class='ocrx_word' id='word_1_143' title='bbox 1280 2729 1315 2796; x_wconf 79' lang='lat' dir='ltr'>Si</span> <span class='ocrx_word' id='word_1_144' title='bbox 1335 2729 1576 2796; x_wconf 82' lang='lat' dir='ltr'>Studemundus</span> <span class='ocrx_word' id='word_1_145' title='bbox 1597 2736 1682 2798; x_wconf 89' lang='lat' dir='ltr'>recte</span> <span class='ocrx_word' id='word_1_146' title='bbox 1705 2733 1738 2796; x_wconf 93' lang='lat' dir='ltr'>in</span> <span class='ocrx_word' id='word_1_147' title='bbox 1759 2733 1789 2796; x_wconf 80' lang='lat' dir='ltr'><em>A</em></span> <span class='ocrx_word' id='word_1_148' title='bbox 1809 2732 1905 2816; x_wconf 84' lang='lat' dir='ltr'>legit,</span> <span class='ocrx_word' id='word_1_149' title='bbox 1927 2753 1993 2796; x_wconf 91' lang='lat' dir='ltr'>non</span> <span class='ocrx_word' id='word_1_150' title='bbox 2011 2730 2135 2814; x_wconf 90' lang='lat' dir='ltr'>dubito,</span> <span class='ocrx_word' id='word_1_151' title='bbox 2222 2809 2229 2822; x_wconf 83' lang='lat'><em>,</em></span> 
     </span>
    </p>
   </div>
   <div class='ocr_carea' id='block_1_10' title="bbox 379 2837 2135 2924">
    <p class='ocr_par' dir='ltr' id='par_1_11' title="bbox 379 2837 2135 2924">
     <span class='ocr_line' id='line_1_24' title="bbox 379 2837 2135 2924; baseline -0.001 -21"><span class='ocrx_word' id='word_1_152' title='bbox 379 2840 458 2924; x_wconf 90' lang='lat' dir='ltr'>quin</span> <span class='ocrx_word' id='word_1_153' title='bbox 473 2839 572 2904; x_wconf 89' lang='lat' dir='ltr'>aliam</span> <span class='ocrx_word' id='word_1_154' title='bbox 587 2839 734 2905; x_wconf 86' lang='lat' dir='ltr'>hocloco</span> <span class='ocrx_word' id='word_1_155' title='bbox 749 2839 924 2904; x_wconf 83' lang='lat' dir='ltr'>habuerint</span> <span class='ocrx_word' id='word_1_156' title='bbox 942 2839 1163 2904; x_wconf 81' lang='lat' dir='ltr'>recensionem</span> <span class='ocrx_word' id='word_1_157' title='bbox 1179 2837 1330 2922; x_wconf 87' lang='lat' dir='ltr'>Palatini,</span> <span class='ocrx_word' id='word_1_158' title='bbox 1345 2839 1400 2923; x_wconf 91' lang='lat' dir='ltr'>qni</span> <span class='ocrx_word' id='word_1_159' title='bbox 1420 2839 1453 2903; x_wconf 88' lang='lat' dir='ltr'>ni</span> <span class='ocrx_word' id='word_1_160' title='bbox 1467 2837 1566 2904; x_wconf 84' lang='lat' dir='ltr'>fallor</span> <span class='ocrx_word' id='word_1_161' title='bbox 1584 2840 1625 2904; x_wconf 91' lang='lat' dir='ltr'>ad</span> <span class='ocrx_word' id='word_1_162' title='bbox 1639 2839 1723 2904; x_wconf 85' lang='lat' dir='ltr'>hanc</span> <span class='ocrx_word' id='word_1_163' title='bbox 1738 2843 1857 2904; x_wconf 91' lang='lat' dir='ltr'>ducunt</span> <span class='ocrx_word' id='word_1_164' title='bbox 1870 2860 1982 2904; x_wconf 86' lang='lat' dir='ltr'>versus</span> <span class='ocrx_word' id='word_1_165' title='bbox 1996 2837 2135 2902; x_wconf 87' lang='lat' dir='ltr'>formam</span> 
     </span>
    </p>
   </div>
   <div class='ocr_carea' id='block_1_11' title="bbox 610 2978 2069 3066">
    <p class='ocr_par' dir='ltr' id='par_1_12' title="bbox 610 2978 2069 3066">
     <span class='ocr_line' id='line_1_25' title="bbox 610 2978 2069 3066; baseline -0.001 -21"><span class='ocrx_word' id='word_1_166' title='bbox 610 2989 613 2994; x_wconf 85' lang='lat'>&#39;</span> <span class='ocrx_word' id='word_1_167' title='bbox 699 2979 764 3046; x_wconf 74' lang='lat' dir='ltr'>Fac</span> <span class='ocrx_word' id='word_1_168' title='bbox 786 2981 914 3047; x_wconf 80' lang='lat' dir='ltr'>rideam</span> <span class='ocrx_word' id='word_1_169' title='bbox 938 2983 990 3046; x_wconf 89' lang='lat' dir='ltr'>sis</span> <span class='ocrx_word' id='word_1_170' title='bbox 1014 2982 1147 3066; x_wconf 71' lang='lat' dir='ltr'>metm,</span> <span class='ocrx_word' id='word_1_171' title='bbox 1170 2982 1203 3046; x_wconf 91' lang='lat' dir='ltr'>si</span> <span class='ocrx_word' id='word_1_172' title='bbox 1226 3005 1281 3047; x_wconf 92' lang='lat' dir='ltr'>me</span> <span class='ocrx_word' id='word_1_173' title='bbox 1305 2982 1363 3046; x_wconf 82' lang='lat' dir='ltr'>vis</span> <span class='ocrx_word' id='word_1_174' title='bbox 1388 2980 1533 3048; x_wconf 74' lang='lat' dir='ltr'>salvam</span> <span class='ocrx_word' id='word_1_175' title='bbox 1558 2981 1759 3066; x_wconf 64' lang='lat' dir='ltr'>assaneho</span> <span class='ocrx_word' id='word_1_176' title='bbox 1782 2981 1881 3046; x_wconf 89' lang='lat' dir='ltr'>istinc</span> <span class='ocrx_word' id='word_1_177' title='bbox 1904 2978 2069 3046; x_wconf 74' lang='lat' dir='ltr'>Canthara</span> 
     </span>
    </p>
   </div>
   <div class='ocr_carea' id='block_1_12' title="bbox 379 3105 1567 3298">
    <p class='ocr_par' dir='ltr' id='par_1_13' title="bbox 379 3105 1567 3298">
     <span class='ocr_line' id='line_1_26' title="bbox 379 3105 832 3173; baseline 0 -1"><span class='ocrx_word' id='word_1_178' title='bbox 379 3130 419 3172; x_wconf 85' lang='lat' dir='ltr'>an</span> <span class='ocrx_word' id='word_1_179' title='bbox 444 3108 477 3171; x_wconf 88' lang='lat' dir='ltr'>si</span> <span class='ocrx_word' id='word_1_180' title='bbox 504 3106 650 3173; x_wconf 89' lang='lat' dir='ltr'>salvam</span> <span class='ocrx_word' id='word_1_181' title='bbox 674 3128 729 3171; x_wconf 90' lang='lat' dir='ltr'>ma</span> <span class='ocrx_word' id='word_1_182' title='bbox 753 3105 832 3172; x_wconf 79' lang='lat' dir='ltr'>ris?</span> 
     </span>
     <span class='ocr_line' id='line_1_27' title="bbox 539 3212 1567 3298; baseline 0 -21"><span class='ocrx_word' id='word_1_183' title='bbox 539 3212 703 3278; x_wconf 86' lang='lat' dir='ltr'>Lacunam</span> <span class='ocrx_word' id='word_1_184' title='bbox 726 3235 809 3297; x_wconf 90' lang='lat' dir='ltr'>quae</span> <span class='ocrx_word' id='word_1_185' title='bbox 832 3217 883 3278; x_wconf 91' lang='lat' dir='ltr'>est</span> <span class='ocrx_word' id='word_1_186' title='bbox 905 3236 935 3280; x_wconf 87' lang='lat' dir='ltr'>v.</span> <span class='ocrx_word' id='word_1_187' title='bbox 953 3214 1017 3279; x_wconf 88' lang='grc'>578</span> <span class='ocrx_word' id='word_1_188' title='bbox 1042 3215 1156 3298; x_wconf 84' lang='lat' dir='ltr'>expleo</span> <span class='ocrx_word' id='word_1_189' title='bbox 1179 3214 1265 3279; x_wconf 93' lang='lat' dir='ltr'>hunc</span> <span class='ocrx_word' id='word_1_190' title='bbox 1288 3213 1354 3279; x_wconf 85' lang='lat' dir='ltr'>fere</span> <span class='ocrx_word' id='word_1_191' title='bbox 1377 3214 1412 3278; x_wconf 91' lang='lat' dir='ltr'>in</span> <span class='ocrx_word' id='word_1_192' title='bbox 1435 3213 1567 3279; x_wconf 91' lang='lat' dir='ltr'>modum</span> 
     </span>
    </p>
   </div>
   <div class='ocr_carea' id='block_1_13' title="bbox 701 3336 1974 3959">
    <p class='ocr_par' dir='ltr' id='par_1_14' title="bbox 701 3336 1974 3959">
     <span class='ocr_line' id='line_1_28' title="bbox 1154 3336 1358 3404; baseline 0.015 -3"><span class='ocrx_word' id='word_1_193' title='bbox 1154 3336 1358 3404; x_wconf 77' lang='lat' dir='ltr'>Pnarrrrauns</span> 
     </span>
     <span class='ocr_line' id='line_1_29' title="bbox 701 3429 1827 3530; baseline 0.001 -21"><span class='ocrx_word' id='word_1_194' title='bbox 701 3441 774 3509; x_wconf 85' lang='lat' dir='ltr'>Scin</span> <span class='ocrx_word' id='word_1_195' title='bbox 798 3445 876 3529; x_wconf 91' lang='lat' dir='ltr'>quid</span> <span class='ocrx_word' id='word_1_196' title='bbox 900 3467 999 3510; x_wconf 87' lang='lat' dir='ltr'>erres:</span> <span class='ocrx_word' id='word_1_197' title='bbox 1024 3443 1101 3530; x_wconf 84' lang='lat' dir='ltr'>quia</span> <span class='ocrx_word' id='word_1_198' title='bbox 1124 3445 1279 3510; x_wconf 87' lang='lat' dir='ltr'>vestitum</span> <span class='ocrx_word' id='word_1_199' title='bbox 1303 3449 1401 3529; x_wconf 88' lang='lat' dir='ltr'>atque</span> <span class='ocrx_word' id='word_1_200' title='bbox 1425 3449 1576 3510; x_wconf 77' lang='lat' dir='ltr'>ornatum</span> <span class='ocrx_word' id='word_1_201' title='bbox 1600 3429 1827 3510; x_wconf 72' lang='lat' dir='ltr'>inmutabilem</span> 
     </span>
     <span class='ocr_line' id='line_1_30' title="bbox 701 3551 1422 3618; baseline 0.003 -2"><span class='ocrx_word' id='word_1_202' title='bbox 701 3551 811 3616; x_wconf 76' lang='lat' dir='ltr'>Habet</span> <span class='ocrx_word' id='word_1_203' title='bbox 832 3551 912 3616; x_wconf 89' lang='lat' dir='ltr'>haec</span> <span class='ocrx_word' id='word_1_204' title='bbox 936 3551 1053 3616; x_wconf 88' lang='lat' dir='ltr'>aliam</span> <span class='ocrx_word' id='word_1_205' title='bbox 1076 3552 1202 3618; x_wconf 69' lang='lat' dir='ltr'>aradis</span> <span class='ocrx_word' id='word_1_206' title='bbox 1227 3573 1309 3616; x_wconf 86' lang='lat' dir='ltr'>ease</span> <span class='ocrx_word' id='word_1_207' title='bbox 1334 3575 1422 3618; x_wconf 91' lang='lat' dir='ltr'>eam.</span> 
     </span>
     <span class='ocr_line' id='line_1_31' title="bbox 1180 3675 1332 3741; baseline 0 -1"><span class='ocrx_word' id='word_1_208' title='bbox 1180 3675 1332 3741; x_wconf 76' lang='lat' dir='ltr'>Prnnmra</span> 
     </span>
     <span class='ocr_line' id='line_1_32' title="bbox 1416 3765 1974 3855; baseline 0 -25"><span class='ocrx_word' id='word_1_209' title='bbox 1416 3765 1545 3855; x_wconf 81' lang='lat' dir='ltr'>Nugas</span> <span class='ocrx_word' id='word_1_210' title='bbox 1575 3767 1716 3850; x_wconf 86' lang='lat' dir='ltr'>garris,</span> <span class='ocrx_word' id='word_1_211' title='bbox 1745 3766 1974 3852; x_wconf 88' lang='lat' dir='ltr'>Pe&#39;riphans,</span> 
     </span>
     <span class='ocr_line' id='line_1_33' title="bbox 701 3872 1796 3959; baseline 0.001 -22"><span class='ocrx_word' id='word_1_212' title='bbox 701 3872 795 3937; x_wconf 77' lang='lat' dir='ltr'>Nam</span> <span class='ocrx_word' id='word_1_213' title='bbox 823 3877 929 3939; x_wconf 89' lang='lat' dir='ltr'>certe</span> <span class='ocrx_word' id='word_1_214' title='bbox 952 3873 1049 3938; x_wconf 90' lang='lat' dir='ltr'>aliter</span> <span class='ocrx_word' id='word_1_215' title='bbox 1072 3872 1172 3938; x_wconf 77' lang='lat' dir='ltr'>catuli</span> <span class='ocrx_word' id='word_1_216' title='bbox 1196 3893 1329 3937; x_wconf 86' lang='lat' dir='ltr'>cervae</span> <span class='ocrx_word' id='word_1_217' title='bbox 1354 3873 1450 3959; x_wconf 79' lang='lat' dir='ltr'>longe</span> <span class='ocrx_word' id='word_1_218' title='bbox 1473 3873 1576 3959; x_wconf 90' lang='lat' dir='ltr'>olent,</span> <span class='ocrx_word' id='word_1_219' title='bbox 1600 3873 1696 3939; x_wconf 74' lang='lat' dir='ltr'>aliter</span> <span class='ocrx_word' id='word_1_220' title='bbox 1720 3874 1796 3938; x_wconf 89' lang='lat' dir='ltr'>suis.</span> 
     </span>
    </p>
   </div>
   <div class='ocr_carea' id='block_1_14' title="bbox 703 4049 1309 4117">
    <p class='ocr_par' dir='ltr' id='par_1_15' title="bbox 703 4049 1309 4117">
     <span class='ocr_line' id='line_1_34' title="bbox 703 4049 1309 4117; baseline 0.003 -2"><span class='ocrx_word' id='word_1_221' title='bbox 703 4051 813 4117; x_wconf 76' lang='lat' dir='ltr'>Hribet</span> <span class='ocrx_word' id='word_1_222' title='bbox 836 4052 916 4117; x_wconf 86' lang='lat' dir='ltr'>haec</span> <span class='ocrx_word' id='word_1_223' title='bbox 939 4050 1018 4116; x_wconf 89' lang='lat' dir='ltr'>alia</span> <span class='ocrx_word' id='word_1_224' title='bbox 1046 4049 1120 4116; x_wconf 85' lang='lat' dir='ltr'>tibi</span> <span class='ocrx_word' id='word_1_225' title='bbox 1147 4052 1309 4117; x_wconf 85' lang='lat' dir='ltr'>videtur.</span> 
     </span>
    </p>
   </div>
   <div class='ocr_carea' id='block_1_15' title="bbox 707 4176 1841 4476">
    <p class='ocr_par' dir='ltr' id='par_1_16' title="bbox 707 4176 1841 4476">
     <span class='ocr_line' id='line_1_35' title="bbox 1181 4176 1336 4240; baseline 0 0"><span class='ocrx_word' id='word_1_226' title='bbox 1181 4176 1336 4240; x_wconf 73' lang='lat' dir='ltr'>Parmam</span> 
     </span>
     <span class='ocr_line' id='line_1_36' title="bbox 1297 4278 1841 4368; baseline 0 -22"><span class='ocrx_word' id='word_1_227' title='bbox 1297 4278 1393 4368; x_wconf 79' lang='lat' dir='ltr'>&#39;Ego</span> <span class='ocrx_word' id='word_1_228' title='bbox 1420 4305 1538 4348; x_wconf 91' lang='lat' dir='ltr'>meam</span> <span class='ocrx_word' id='word_1_229' title='bbox 1567 4305 1640 4347; x_wconf 90' lang='lat' dir='ltr'>non</span> <span class='ocrx_word' id='word_1_230' title='bbox 1668 4283 1841 4348; x_wconf 83' lang='lat' dir='ltr'>noverim</span> 
     </span>
     <span class='ocr_line' id='line_1_37' title="bbox 707 4389 1718 4476; baseline 0 -22"><span class='ocrx_word' id='word_1_231' title='bbox 707 4389 858 4475; x_wconf 79' lang='lat' dir='ltr'>Filiam,</span> <span class='ocrx_word' id='word_1_232' title='bbox 882 4390 977 4456; x_wconf 86' lang='lat' dir='ltr'>aliter</span> <span class='ocrx_word' id='word_1_233' title='bbox 1001 4394 1136 4456; x_wconf 84' lang='lat' dir='ltr'>ce&#39;rraa</span> <span class='ocrx_word' id='word_1_234' title='bbox 1160 4390 1260 4456; x_wconf 88' lang='lat' dir='ltr'>catuli</span> <span class='ocrx_word' id='word_1_235' title='bbox 1284 4389 1380 4476; x_wconf 79' lang='lat' dir='ltr'>longe</span> <span class='ocrx_word' id='word_1_236' title='bbox 1404 4389 1507 4475; x_wconf 87' lang='lat' dir='ltr'>olent,</span> <span class='ocrx_word' id='word_1_237' title='bbox 1531 4390 1628 4454; x_wconf 88' lang='lat' dir='ltr'>alite&#39;r</span> <span class='ocrx_word' id='word_1_238' title='bbox 1651 4390 1718 4454; x_wconf 89' lang='lat' dir='ltr'>suis</span> 
     </span>
    </p>
   </div>
   <div class='ocr_carea' id='block_1_16' title="bbox 385 4549 2141 4956">
    <p class='ocr_par' dir='ltr' id='par_1_17' title="bbox 385 4549 1877 4637">
     <span class='ocr_line' id='line_1_38' title="bbox 385 4549 1877 4637; baseline 0 -21"><span class='ocrx_word' id='word_1_239' title='bbox 385 4573 582 4637; x_wconf 90' lang='lat' dir='ltr'>quamquam</span> <span class='ocrx_word' id='word_1_240' title='bbox 605 4550 685 4614; x_wconf 92' lang='lat' dir='ltr'>illud</span> <span class='ocrx_word' id='word_1_241' title='bbox 710 4551 1025 4616; x_wconf 90' lang='lat' dir='ltr'>commemorandum</span> <span class='ocrx_word' id='word_1_242' title='bbox 1050 4555 1125 4636; x_wconf 87' lang='lat' dir='ltr'>post</span> <span class='ocrx_word' id='word_1_243' title='bbox 1148 4551 1236 4636; x_wconf 89' lang='lat' dir='ltr'>prius</span> <span class='ocrx_word' id='word_1_244' title='bbox 1261 4549 1378 4615; x_wconf 88' lang='lat' dir='ltr'>aliter</span> <span class='ocrx_word' id='word_1_245' title='bbox 1402 4571 1472 4615; x_wconf 90' lang='lat' dir='ltr'>esse</span> <span class='ocrx_word' id='word_1_246' title='bbox 1495 4550 1681 4615; x_wconf 90' lang='lat' dir='ltr'>lacunulam</span> <span class='ocrx_word' id='word_1_247' title='bbox 1704 4549 1738 4614; x_wconf 92' lang='lat' dir='ltr'>in</span> <span class='ocrx_word' id='word_1_248' title='bbox 1762 4549 1803 4614; x_wconf 87' lang='lat' dir='ltr'>B.</span> <span class='ocrx_word' id='word_1_249' title='bbox 1867 4599 1877 4616; x_wconf 84' lang='lat'>.</span> 
     </span>
    </p>

    <p class='ocr_par' dir='ltr' id='par_1_18' title="bbox 387 4654 2141 4956">
     <span class='ocr_line' id='line_1_39' title="bbox 544 4654 2141 4744; baseline -0.002 -21"><span class='ocrx_word' id='word_1_250' title='bbox 544 4656 584 4723; x_wconf 87' lang='lat' dir='ltr'>V.</span> <span class='ocrx_word' id='word_1_251' title='bbox 604 4657 669 4723; x_wconf 80' lang='lat'>580</span> <span class='ocrx_word' id='word_1_252' title='bbox 693 4655 871 4722; x_wconf 84' lang='lat' dir='ltr'>Camerarii</span> <span class='ocrx_word' id='word_1_253' title='bbox 895 4658 1069 4744; x_wconf 90' lang='lat' dir='ltr'>scriptura,</span> <span class='ocrx_word' id='word_1_254' title='bbox 1093 4679 1190 4742; x_wconf 89' lang='lat' dir='ltr'>quam</span> <span class='ocrx_word' id='word_1_255' title='bbox 1213 4680 1233 4721; x_wconf 90' lang='lat' dir='ltr'>a</span> <span class='ocrx_word' id='word_1_256' title='bbox 1256 4656 1418 4722; x_wconf 87' lang='lat' dir='ltr'>sententia</span> <span class='ocrx_word' id='word_1_257' title='bbox 1439 4654 1515 4722; x_wconf 91' lang='lat' dir='ltr'>huic</span> <span class='ocrx_word' id='word_1_258' title='bbox 1538 4656 1609 4720; x_wconf 93' lang='lat' dir='ltr'>loco</span> <span class='ocrx_word' id='word_1_259' title='bbox 1640 4661 1752 4741; x_wconf 91' lang='lat' dir='ltr'>aptam</span> <span class='ocrx_word' id='word_1_260' title='bbox 1776 4678 1846 4721; x_wconf 87' lang='lat' dir='ltr'>esse</span> <span class='ocrx_word' id='word_1_261' title='bbox 1873 4679 1968 4721; x_wconf 89' lang='lat' dir='ltr'>nemo</span> <span class='ocrx_word' id='word_1_262' title='bbox 1997 4656 2141 4741; x_wconf 77' lang='lat' dir='ltr'>negabit,</span> 
     </span>
     <span class='ocr_line' id='line_1_40' title="bbox 387 4762 2141 4850; baseline -0.001 -22"><span class='ocrx_word' id='word_1_263' title='bbox 387 4787 499 4830; x_wconf 86' lang='lat' dir='ltr'>vercor</span> <span class='ocrx_word' id='word_1_264' title='bbox 518 4769 555 4829; x_wconf 89' lang='lat' dir='ltr'>ut</span> <span class='ocrx_word' id='word_1_265' title='bbox 574 4787 593 4828; x_wconf 94' lang='lat' dir='ltr'>a</span> <span class='ocrx_word' id='word_1_266' title='bbox 611 4767 709 4850; x_wconf 91' lang='lat' dir='ltr'>poeta</span> <span class='ocrx_word' id='word_1_267' title='bbox 731 4763 776 4828; x_wconf 89' lang='lat' dir='ltr'>sit</span> <span class='ocrx_word' id='word_1_268' title='bbox 794 4763 947 4848; x_wconf 79' lang='lat' dir='ltr'>profecta.</span> <span class='ocrx_word' id='word_1_269' title='bbox 985 4763 1120 4830; x_wconf 87' lang='lat' dir='ltr'>Codices</span> <span class='ocrx_word' id='word_1_270' title='bbox 1141 4763 1281 4829; x_wconf 88' lang='lat' dir='ltr'>Palatini</span> <span class='ocrx_word' id='word_1_271' title='bbox 1300 4762 1485 4829; x_wconf 84' lang='lat' dir='ltr'>habentne</span> <span class='ocrx_word' id='word_1_272' title='bbox 1509 4783 1579 4847; x_wconf 87' lang='lat' dir='ltr'>ego</span> <span class='ocrx_word' id='word_1_273' title='bbox 1604 4787 1684 4828; x_wconf 88' lang='lat' dir='ltr'>eam</span> <span class='ocrx_word' id='word_1_274' title='bbox 1707 4763 1864 4828; x_wconf 89' lang='lat' dir='ltr'>nouisse</span> <span class='ocrx_word' id='word_1_275' title='bbox 1884 4763 2014 4828; x_wconf 88' lang='lat' dir='ltr'>omissis</span> <span class='ocrx_word' id='word_1_276' title='bbox 2034 4763 2141 4829; x_wconf 79' lang='lat' dir='ltr'>verbis</span> 
     </span>
     <span class='ocr_line' id='line_1_41' title="bbox 387 4868 2141 4956; baseline 0.001 -24"><span class='ocrx_word' id='word_1_277' title='bbox 387 4893 482 4956; x_wconf 84' lang='lat' dir='ltr'>quaa</span> <span class='ocrx_word' id='word_1_278' title='bbox 506 4871 570 4954; x_wconf 87' lang='lat' dir='ltr'>ait,</span> <span class='ocrx_word' id='word_1_279' title='bbox 594 4893 676 4955; x_wconf 90' lang='lat' dir='ltr'>qnae</span> <span class='ocrx_word' id='word_1_280' title='bbox 701 4871 833 4956; x_wconf 84' lang='lat' dir='ltr'>scripsit</span> <span class='ocrx_word' id='word_1_281' title='bbox 854 4868 1072 4956; x_wconf 83' lang='lat' dir='ltr'>Camerarius,</span> <span class='ocrx_word' id='word_1_282' title='bbox 1093 4870 1328 4936; x_wconf 87' lang='lat' dir='ltr'>Ambrosianus</span> <span class='ocrx_word' id='word_1_283' title='bbox 1352 4874 1461 4934; x_wconf 88' lang='lat' dir='ltr'>autem</span> <span class='ocrx_word' id='word_1_284' title='bbox 1480 4869 1680 4956; x_wconf 77' lang='lat' dir='ltr'>NEEGOM,</span> <span class='ocrx_word' id='word_1_285' title='bbox 1702 4871 1802 4935; x_wconf 86' lang='lat' dir='ltr'>babet</span> <span class='ocrx_word' id='word_1_286' title='bbox 1817 4869 1926 4956; x_wconf 82' lang='lat' dir='ltr'>igitur</span> <span class='ocrx_word' id='word_1_287' title='bbox 1949 4869 2018 4935; x_wconf 89' lang='lat' dir='ltr'>sine</span> <span class='ocrx_word' id='word_1_288' title='bbox 2043 4869 2141 4934; x_wconf 92' lang='lat' dir='ltr'>dubio</span> 
     </span>
    </p>
   </div>
   <div class='ocr_carea' id='block_1_17' title="bbox 259 4977 927 5064">
    <p class='ocr_par' dir='ltr' id='par_1_19' title="bbox 259 4977 927 5064">
     <span class='ocr_line' id='line_1_42' title="bbox 259 4977 927 5064; baseline -0.009 -17"><span class='ocrx_word' id='word_1_289' title='bbox 259 5015 264 5020; x_wconf 96' lang='lat'>·</span> <span class='ocrx_word' id='word_1_290' title='bbox 388 5001 515 5048; x_wconf 83' lang='lat' dir='ltr'>meam.</span> <span class='ocrx_word' id='word_1_291' title='bbox 562 4977 669 5063; x_wconf 80' lang='lat' dir='ltr'>Atque</span> <span class='ocrx_word' id='word_1_292' title='bbox 692 4983 788 5044; x_wconf 89' lang='lat' dir='ltr'>antea</span> <span class='ocrx_word' id='word_1_293' title='bbox 811 4978 927 5064; x_wconf 87' lang='lat' dir='ltr'>scripsi</span> 
     </span>
    </p>
   </div>
   <div class='ocr_carea' id='block_1_18' title="bbox 708 5101 1243 5190">
    <p class='ocr_par' dir='ltr' id='par_1_20' title="bbox 708 5101 1243 5190">
     <span class='ocr_line' id='line_1_43' title="bbox 708 5101 1243 5190; baseline -0.002 -20"><span class='ocrx_word' id='word_1_294' title='bbox 708 5102 757 5170; x_wconf 76' lang='lat' dir='ltr'>Ne</span> <span class='ocrx_word' id='word_1_295' title='bbox 781 5123 843 5190; x_wconf 81' lang='lat' dir='ltr'>ego</span> <span class='ocrx_word' id='word_1_296' title='bbox 867 5125 973 5168; x_wconf 90' lang='lat' dir='ltr'>meam</span> <span class='ocrx_word' id='word_1_297' title='bbox 995 5101 1123 5169; x_wconf 85' lang='lat' dir='ltr'>novisse</span> <span class='ocrx_word' id='word_1_298' title='bbox 1145 5103 1243 5170; x_wconf 80' lang='lat' dir='ltr'>nori.</span> 
     </span>
    </p>
   </div>
   <div class='ocr_carea' id='block_1_19' title="bbox 0 0 2393 5748">
    <p class='ocr_par' dir='ltr' id='par_1_21' title="bbox 0 0 2393 5748">
     <span class='ocr_line' id='line_1_44' title="bbox 0 0 2393 5748; baseline 0 0"><span class='ocrx_word' id='word_1_299' title='bbox 0 0 2393 5748; x_wconf 95' lang='lat' dir='ltr'> </span> 
     </span>
    </p>
   </div>
  </div>
 </body>
</html>
