4730 5754
1114 266 1326 378 „25¹2-

502 473 597 540 Nunc
624 479 732 540 antem
760 473 843 538 nihil
877 473 1008 538 omnino
1038 474 1103 538 nisi
1132 475 1319 559 pugnasti
1345 475 1379 539 in
1410 450 1636 559 prrpnavisti
1660 473 1788 560 corrigo
1814 496 1884 539 cum
1911 471 2096 540 (temerario

343 582 514 667 sermoque
661 670 769 756 Euge,
793 674 874 754 euge
897 667 1045 755 Epidico!
1068 669 1195 757 frugis,
1218 667 1421 755 pugnavisti,
1444 669 1578 737 homo’s.

344 829 544 915 Pugnandi
573 830 705 894 verbum
734 829 883 895 absolute
911 830 1054 915 positum
1078 828 1179 895 habe's
1203 830 1302 894 etiam
1326 829 1453 896 Terent.
1474 829 1610 916 Adelph.
1631 831 1708 897 843:
1735 827 1987 916 pugnaveris,
2011 827 2095 913 qnod

343 936 491 1003 Donatus
511 942 596 1001 recte
616 936 758 1022 explicat
782 957 955 1022 magnam
979 959 1055 1002 rem
1079 936 1219 1002 feceris
1239 987 1247 1002 .
1264 934 1411 1002 homo's
1440 942 1548 1002 autem
1573 942 1648 1022 apte
1672 936 1856 1003 defenditur
1874 934 2013 1019 Adelph.
2032 935 2097 998 934

344 1045 376 1110 si
400 1049 440 1110 tn
464 1045 517 1109 sis
541 1043 651 1136 homo
674 1037 745 1108 Hic
767 1043 1077 1109 incurrionem
1101 1043 1239 1128 Adelph.
1261 1045 1331 1108 107.

502 1168 542 1235 V.
557 1169 620 1234 513
635 1167 918 1234 nisiAmbrosisni
932 1166 1272 1236 UTORUOIA'PUUP
1287 1192 1409 1234 merum
1425 1173 1476 1235 est
1489 1169 1617 1234 librarii
1631 1169 1792 1254 mendum,
1811 1191 1875 1235 non
1894 1166 2097 1233 incommode

343 1276 396 1341 hic
418 1276 563 1362 pleniore
587 1297 699 1341 versus
722 1275 817 1340 initio
842 1275 962 1340 scribes

663 1437 749 1502 Malo
773 1441 813 1501 td
838 1437 982 1502 cruciatu
1004 1441 1042 1501 ut
1065 1439 1177 1521 pe‘reas
1201 1440 1298 1521 atque
1322 1435 1419 1502 aberis
1444 1437 1517 1502 cito.

502 1596 542 1662 V.
562 1597 626 1661 522
650 1595 826 1662 Muellerus
849 1619 914 1660 non
937 1595 1075 1662 coniecit
1098 1571 1175 1680 sed,
1198 1595 1230 1661 id
1255 1596 1340 1680 quod
1365 1619 1403 1662 ex
1428 1597 1554 1663 Goetzii
1578 1603 1735 1682 apparatu
1760 1597 1968 1675 concluseris,
1996 1597 2096 1662 immo

344 1726 478 1771 scaenae
501 1705 597 1769 finem
621 1703 668 1769 ita
691 1703 857 1768 turbatum
882 1725 952 1768 esse
975 1703 1153 1788 contendit,
1176 1724 1271 1769 nemo
1295 1707 1332 1767 ut
1355 1726 1428 1768 cum
1452 1704 1562 1788 alique
1584 1703 1816 1789 probabilitate
1841 1704 1981 1791 genuina
2003 1703 2097 1768 resti·

344 1816 435 1878 tuere
464 1811 577 1897 possit
622 1811 731 1895 Atque
761 1810 844 1874 illud
873 1831 951 1874 eane
983 1809 1282 1875 manifestissimum
1317 1810 1474 1876 excidisse
1508 1811 1561 1876 hic
1595 1833 1669 1876 vere
1700 1811 1865 1897 Plautina,
1900 1833 2096 1896 quamquam

344 1919 456 1984 eodem
480 1919 548 1984 iure
572 1922 611 1982 at
634 1939 693 2003 pro
718 1938 758 1982 ac
789 1916 866 2000 poni
896 1917 1017 2002 potnit,
1040 1916 1126 2002 quod
1149 1917 1255 2002 ipsum
1285 1918 1394 1983 nescio
1424 1918 1508 1983 unde
1537 1917 1719 2002 profectum
1741 1916 1911 1984 Nandetus
1940 1917 1975 1982 in
2005 1920 2097 1982 textu

344 2025 452 2090 habet.
498 2023 571 2089 Hoc
593 2027 632 2089 at
655 2029 764 2089 autem
787 2023 821 2087 in
845 2028 1005 2108 apparatu
1028 2029 1114 2089 certe
1138 2025 1452 2090 commemorandum
1477 2031 1555 2090 erat.

504 2147 645 2213 Primam
672 2170 821 2214 scaenam
845 2152 936 2213 actus
961 2147 1068 2233 quarti
1090 2170 1176 2213 nunc
1204 2148 1308 2213 obiter
1336 2153 1465 2214 tantum
1493 2171 1676 2235 percurrere
1704 2151 1808 2216 visum
1838 2154 1900 2233 est,
1927 2147 2005 2214 licet
2031 2169 2097 2212 non

345 2279 464 2340 paucas
487 2259 618 2320 moveat
641 2255 848 2339 suspitiones.
893 2255 1094 2320 Adversum
1120 2255 1185 2318 532
1209 2276 1424 2321 commemoro
1452 2278 1533 2321 mea
1560 2261 1678 2343 gnata
1704 2257 1769 2321 iam
1798 2259 1873 2321 ante
1903 2254 2096 2320 Muellerum

346 2385 365 2427 a
389 2363 553 2448 Gepperto
577 2384 648 2427 esse
672 2362 804 2428 editum.

504 2488 543 2553 In
569 2487 715 2552 versibus
744 2488 800 2571 qui
827 2492 1006 2572 sequuntur
1029 2486 1092 2550 537
1121 2507 1187 2551 non
1214 2486 1324 2551 omnia
1351 2491 1437 2551 reete
1465 2488 1637 2572 procedere
1663 2488 1807 2554 nondum
1834 2487 2095 2553 animadversum

346 2599 396 2660 est
419 2617 438 2658 a
461 2593 591 2659 criticis.
636 2593 705 2658 Iam
730 2617 759 2660 v.
778 2594 841 2658 537
871 2594 1021 2658 docemur
1044 2583 1229 2678 Philippum
1258 2598 1291 2657 et
1313 2592 1527 2679 Periphanem
1556 2595 1618 2660 sibi
1646 2617 1711 2660 non
1739 2616 1808 2660 esse
1826 2594 1967 2680 ignotos.
2013 2591 2095 2658 Con·

346 2702 456 2768 stituit
478 2701 580 2787 igitur
602 2725 630 2766 v.
650 2701 714 2766 543
739 2705 772 2765 et
794 2699 949 2786 Philippa
971 2699 1186 2784 Periphanem
1210 2704 1244 2764 et
1266 2698 1464 2782 Periphanes
1483 2698 1670 2787 Philippum
1693 2702 1826 2787 alloqui.
1862 2700 1955 2778 Quod
1978 2699 2007 2764 si
2030 2698 2095 2764 edi-

346 2808 489 2873 tionibus
513 2807 610 2872 fidem
634 2808 769 2892 habeas,
792 2807 939 2891 sequitur
963 2806 1075 2872 eodem
1100 2828 1195 2870 versu
1219 2805 1284 2870 543
1307 2805 1523 2892 interrogatio
1548 2810 1579 2872 si
1603 2809 1825 2875 haereant?
1849 2829 1900 2872 me
1923 2807 2028 2871 iudice
2050 2806 2096 2869 in-

345 2916 436 2980 utilis
460 2919 494 2980 et
516 2915 613 3000 plane
636 2913 852 2999 incommode,
875 2936 951 2978 nam
976 2912 1014 2979 de
1038 2913 1099 2977 hac
1121 2935 1156 2976 re
1180 2913 1244 2976 iarn
1269 2917 1364 2977 antea
1388 2912 1510 2980 dictum
1534 2919 1612 2982 erat.
1657 2915 1732 2981 Nisi
1760 2914 1868 2979 omnia
1895 2935 1947 2978 me
1969 2912 2097 2996 fallunt,

345 3021 398 3086 hie
420 3023 530 3107 potius
554 3026 604 3086 est
626 3022 860 3086 sententiarum
884 3019 963 3086 ordo
987 3021 1094 3085 animo
1118 3018 1260 3084 humano
1291 3020 1493 3105 aptissimus:
1526 3045 1554 3087 v.
1573 3021 1638 3086 543
1662 3020 1860 3107 Periphanes
1889 3025 1922 3085 et
1945 3019 2097 3104 Philippa

346 3126 531 3212 alloquendi
555 3129 640 3192 inter
663 3149 697 3192 se
721 3127 892 3192 eonsilium
915 3126 1049 3213 capiunt
1072 3125 1232 3210 simulque
1256 3131 1419 3213 metuunt,
1448 3150 1489 3192 ne
1519 3129 1553 3192 in
1583 3151 1617 3193 re
1645 3132 1714 3193 tam
1742 3127 1876 3213 ancipiti
1907 3148 1944 3192 ac
1974 3125 2098 3191 lubrica

345 3235 514 3320 fallantur,
547 3235 603 3320 qni
630 3239 737 3300 metus
760 3258 790 3301 v.
808 3235 873 3298 544
892 3257 940 3318 sq.
960 3236 1139 3298 excusetur.
1184 3232 1300 3317 Itaque
1324 3233 1398 3298 dolo
1430 3240 1463 3300 et
1485 3235 1608 3300 astutia
1638 3237 1688 3299 uti
1720 3235 1855 3299 malunt.
1905 3233 1976 3310 Qua
2003 3232 2037 3296 in
2061 3253 2096 3297 re

345 3341 426 3406 illud
445 3346 574 3426 praeter
592 3347 699 3406 cetere
717 3339 1051 3424 animadvertendum,
1071 3339 1156 3424 qnod
1175 3361 1204 3404 v.
1223 3339 1288 3403 545
1307 3337 1359 3426 (ut
1378 3342 1476 3406 etiam
1495 3343 1596 3408 semel
1615 3365 1644 3408 v.
1658 3338 1737 3428 543)
1753 3363 1864 3406 omnes
1888 3339 2012 3405 codices
2033 3359 2097 3403 non

346 3449 378 3514 si
406 3449 462 3514 sed
491 3450 550 3513 sin
577 3448 706 3514 habent.
754 3447 837 3525 Quid
862 3437 1111 3534 plural'totum
1141 3445 1248 3510 locum
1277 3447 1384 3512 scribo
1414 3448 1499 3514 hunc
1529 3449 1563 3514 in
1592 3448 1722 3514 modum
2029 3454 2032 3461 '

1115 3586 1319 3656 Pnamnnnns

677 3696 813 3762 Noscito
837 3718 897 3783 ego
921 3696 1016 3761 hanc:
1040 3717 1105 3761 non
1127 3693 1239 3760 videor
1260 3697 1369 3762 nescio
1392 3696 1448 3760 ubi
1472 3697 1591 3762 vidisse
1614 3696 1699 3762 mihi
1723 3699 1821 3784 prius.

665 3796 780 3868 'Estne
805 3826 842 3868 ea
866 3805 972 3868 ann6n
997 3808 1082 3888 east,
1105 3826 1202 3888 quam
1226 3803 1353 3868 dnimus
1377 3806 1466 3869 retur
1489 3805 1602 3870 meus?

1145 3944 1297 4011 anrnnn

605 4059 611 4076 ¹
678 4051 723 4117 Dr‘
742 4052 832 4119 boni!
857 4050 987 4117 visitavi
1010 4053 1108 4117 huno
1130 4051 1321 4119 hominem
1344 4053 1421 4118 ianr
1442 4054 1604 4121 antidhac.

1115 4195 1320 4261 Pnnmmnns

675 4298 771 4367 Ce'rto
795 4307 878 4388 east,
901 4324 999 4388 quem
1022 4302 1056 4366 in
1075 4301 1241 4387 Epidauro
1265 4302 1399 4368 memini
1423 4305 1474 4368 me
1498 4304 1726 4389 paupercultm
1751 4304 1960 4390 conprimere.

1140 4443 1295 4510 Pmmrn

677 4551 777 4616 Pldne
801 4551 829 4616 is
853 4551 1004 4636 hicinest,
1027 4549 1138 4636 quiin
1162 4550 1329 4638 Epidauro
1354 4551 1475 4638 primus
1499 4550 1689 4637 pudicitirim
1711 4551 1792 4617 mihi
1815 4550 1948 4637 pepulit.

1117 4692 1320 4760 Pnnrrnnnns

679 4800 767 4877 Quae
791 4821 862 4865 meo
887 4801 1061 4885 conpre'ssu
1085 4800 1212 4886 peperit
1234 4800 1357 4885 filiam,
1380 4822 1476 4885 quam
1501 4799 1588 4864 domi
1611 4822 1695 4864 nunc
1719 4801 1830 4865 50550.

678 4905 761 4983 Quid
786 4907 814 4971 si
837 4906 949 4972 adeam

1140 4994 1294 5061 anmra

934 5103 1008 5168 Heu
1031 5101 1097 5165 scio
1121 5104 1162 5168 an
1185 5103 1374 5189 congrediar
