4730 5754
781 843 1170 945 THEODORI
1220 846 1542 950 HASPERI

346 1060 441 1134 An
488 1059 867 1136 amnicum
914 1048 1364 1138 PLAUTJNAM
1411 1062 1979 1139 commortuum
2066 1029 2069 1038 ’

1063 1289 1160 1296 -0--1
1167 1291 1231 1296 ...-....

562 1516 1008 1626 ALFREDO
1065 1517 1752 1629 FLEOKEISENO

1139 1735 1179 1822 S.

438 1999 511 2072 Diu
549 2007 608 2075 est
645 2025 691 2074 cx
726 2025 800 2096 quo
828 2002 928 2090 Tibi,
966 2003 1024 2076 vir
1056 2003 1304 2096 amplissime,
1343 2027 1454 2099 quem
1482 2005 1558 2076 iam
1587 2005 1672 2078 inde
1703 2006 1750 2078 ab
1779 2005 2038 2080 adulescentia

278 2141 490 2216 studiorum
518 2165 689 2216 meorum
717 2151 757 2218 et
785 2129 974 2218 fautorem
1003 2151 1043 2218 et
1071 2146 1283 2221 adiutorem
1306 2147 1532 2221 benevolum
1557 2147 1673 2221 fuisse
1697 2149 1858 2244 gaudee,
1887 2148 2035 2241 Lipsiae

277 2283 342 2356 uhi
365 2290 458 2357 tunc
477 2307 580 2357 eram
600 2308 685 2358 sum
704 2267 896 2378 pollicitus
917 2287 962 2360 de
982 2287 1036 2361 eis
1056 2287 1184 2362 Plauti
1203 2289 1355 2376 fabulis,
1375 2313 1472 2383 quae
1493 2314 1516 2362 a
1534 2290 1805 2364 recentissimis
1825 2289 2034 2364 editoribus
2066 2365 2071 2370 .

277 2432 317 2498 et
344 2426 505 2500 emissae
535 2434 664 2501 essent
691 2434 730 2502 et
759 2428 977 2522 propediem
1006 2431 1288 2518 emitterentur,
1322 2433 1749 2506 commentatiunculam
1777 2433 1945 2526 aliquam
1973 2457 2032 2506 me

277 2569 578 2662 conscripturum
608 2570 806 2644 annalibus
835 2571 924 2645 Tuis
952 2572 1201 2646 inserendam.
1258 2573 1329 2647 Sed
1358 2596 1432 2668 quo
1461 2574 1552 2647 nihil
1583 2575 1734 2667 saepius
1763 2574 1844 2648 fieri
1873 2576 1971 2649 solet
1993 2577 2032 2649 in

275 2711 358 2783 vita
379 2712 614 2800 mortalium,
639 2719 682 2785 ut
707 2734 840 2809 cogare
864 2714 1007 2808 aliquid
1030 2714 1285 2789 intermittere
1310 2737 1354 2789 ac
1378 2739 1558 2810 seponere
1579 2716 1617 2788 in
1637 2739 1833 2810 praesens,
1857 2719 2031 2811 quamvis

275 2851 345 2926 tihi
372 2853 540 2928 haeserit
567 2854 607 2926 in
634 2855 824 2929 medullis:
852 2857 891 2928 id
920 2879 988 2953 ego
1016 2857 1213 2932 inhaere
1237 2866 1417 2951 expertus
1441 2883 1525 2932 sum
1548 2881 1625 2932 non
1648 2858 1729 2932 sine
1753 2881 1889 2956 magno
1914 2855 2030 2933 animi

275 2994 412 3070 dolore.
467 2997 566 3069 Nam
595 3003 639 3069 ut
664 3003 813 3071 taceam
842 2999 888 3073 de
918 3000 1157 3103 negotiorum
1184 3000 1245 3074 vel
1268 3000 1474 3075 forensium
1501 3001 1563 3075 vel
1586 3001 1880 3074 domesticorum
1903 3003 2030 3076 multi-

274 3137 421 3226 tudine,
450 3138 587 3232 quibus
616 3139 723 3212 facile
750 3141 995 3215 ascribendo
1019 3149 1201 3216 avocetur
1224 3144 1387 3231 animus,
1416 3143 1643 3237 prohibebar
1666 3150 1817 3236 praeter
1841 3151 1966 3218 cetera
1989 3154 2029 3220 et
2096 3119 2099 3126 ¹

274 3279 374 3353 sedis
402 3281 700 3374 commutatione
725 3283 773 3354 ad
796 3283 970 3380 graviora
992 3284 1120 3358 studia
1143 3285 1374 3360 absolvenda
1396 3285 1551 3360 minime
1577 3285 1661 3359 utili
1686 3294 1726 3359 et
1749 3287 1837 3360 novi
1861 3288 2028 3362 muneris

274 3422 373 3496 curis
411 3421 628 3518 officiisque.
682 3425 793 3497 Nunc
830 3432 975 3514 autem,
1013 3428 1079 3501 ubi
1115 3426 1235 3502 instat
1271 3428 1486 3522 scriptionis
1524 3429 1772 3503 scholasticae
1810 3431 2028 3519 necessitas,

271 3564 381 3638 facile
410 3566 576 3639 adducor
604 3567 726 3654 adea
754 3568 881 3641 studia
909 3576 952 3642 ut
984 3593 1045 3644 me
1078 3571 1254 3658 referam,
1282 3595 1379 3666 quae
1408 3577 1561 3646 retenta
1588 3571 1714 3645 animo
1746 3593 1816 3645 nec
1846 3596 2027 3667 umquam

270 3729 425 3799 prorsus
452 3708 671 3784 intermissa
697 3710 791 3784 nihil
819 3711 892 3784 nisi
920 3719 1130 3786 extremam
1158 3737 1312 3788 manum
1340 3714 1574 3810 flagitabant.

431 3851 527 3936 Quid
557 3853 685 3944 plural
722 3875 947 3950 recognosco
980 3862 1020 3929 et
1048 3862 1214 3930 retracto
1241 3857 1462 3930 ‘adversaria
1488 3881 1589 3944 mea,
1626 3859 1749 3930 multa
1776 3858 2024 3933 dubitationis

269 3991 383 4084 plena
409 3993 519 4081 tollo,
552 3993 628 4067 alia
655 4017 752 4089 quae
780 3995 927 4070 incerta
954 3997 1206 4094 ambiguaque
1235 3999 1356 4072 adhuc
1387 3998 1615 4073 videbantur
1647 4001 1786 4073 iterato
1815 4000 2024 4074 meditandi

268 4134 397 4208 labore
434 4135 615 4224 diiudico,
653 4137 835 4210 nonnulla
871 4162 968 4232 quae
1006 4140 1173 4236 longiore
1211 4146 1348 4237 egeant
1384 4140 1640 4234 disputatione
1679 4143 1830 4216 secludo
1866 4143 2023 4217 resectis

267 4276 474 4350 maximam
506 4285 656 4372 partem
689 4279 744 4353 eis
773 4303 868 4373 quae
898 4281 945 4354 ab
974 4281 1058 4356 aliis
1087 4289 1155 4356 ant
1182 4289 1388 4376 praecepta
1414 4283 1567 4358 interim
1596 4291 1663 4358 aut
1690 4285 1831 4382 rectius
1860 4308 1973 4379 quam
2000 4310 2022 4358 a

266 4441 328 4493 me
356 4427 466 4494 erant
493 4421 711 4497 constituta.

426 4562 630 4637 Praeterea
656 4564 791 4638 initam
818 4565 1006 4640 rationem
1034 4567 1163 4662 aliqua
1189 4591 1236 4642 ex
1263 4576 1372 4662 parte
1401 4569 1666 4644 circumcidere
1690 4554 1843 4662 placuit.
1897 4569 2022 4645 Antea

265 4703 367 4777 enim
390 4703 429 4777 in
452 4705 524 4778 hac
545 4705 631 4799 ipsa
653 4707 973 4783 commentatione
1000 4710 1048 4781 ad
1070 4709 1267 4802 Epidicum
1293 4709 1461 4784 fabulam
1485 4712 1595 4804 plene
1618 4712 1776 4806 fuseque
1800 4733 2019 4804 percursam

265 4844 358 4919 duas
392 4845 486 4920 alias
518 4845 645 4920 Plauti
677 4847 824 4922 fabulas
857 4855 897 4924 et
925 4849 1189 4924 Curculionem
1221 4857 1262 4926 et
1288 4851 1503 4926 Asinariam
1534 4853 1687 4927 brevius
1720 4875 1764 4926 ac
1796 4853 1877 4927 sine
1911 4877 2018 4950 argu·
2107 4907 2110 4914 «

263 4987 509 5062 mentationis
548 4990 768 5086 ambagibus
806 4996 991 5066 tractatas
1030 4993 1234 5089 adiungere
1272 4994 1420 5068 animus
1458 5002 1555 5082 erat,
1593 5016 1667 5089 quo
1704 5001 1833 5068 tamen
1866 4996 2018 5089 incepto

262 5134 398 5222 postea
424 5129 506 5224 ipse
533 5129 666 5208 destiti
692 5132 731 5205 in
759 5132 915 5228 Epidico
943 5135 1181 5211 emendanda
1207 5136 1522 5231 acquiescendum
1551 5160 1633 5212 esse
1661 5143 1776 5212 ratus.
1832 5139 2017 5213 Effectum

1770 5274 1804 5329 μ
