4730 5754
1230 289 1251 361 8

357 501 504 568 Eandem
537 500 719 566 testimonii
752 499 1003 585 ambiguitatem
1036 505 1145 564 antem
1178 499 1308 584 saepius
1341 497 1576 584 deprehendas,
1608 503 1645 562 nt
1676 521 1705 565 v.
1736 499 1812 583 158,
1845 497 1900 562 ubi
1933 496 2118 563 testandum

256 609 259 616 ’
357 614 428 673 erat
463 608 703 673 luculentum
738 607 771 670 in
806 607 837 668 A
873 627 957 690 esse3
994 629 1020 672 v.
1051 609 1116 671 225
1150 629 1216 672 non
1251 605 1421 670 dicendum
1456 610 1527 670 erat
1562 611 1638 669 tam
1673 627 1729 684 cru.
1760 603 1888 689 BJFZ,
1924 605 1980 668 sed
2009 603 2118 688 potins

357 721 434 781 tam
449 715 586 782 Ascleta.
601 736 630 780 v.
644 713 710 778 235
725 712 830 778 viros
849 713 884 778 in
897 713 930 776 A
945 735 1015 778 esse
1034 712 1205 778 dicendum
1225 718 1296 777 erat
1315 709 1401 798 (vide
1421 713 1521 777 etiam
1537 711 1693 798 Gepperti
1712 712 1797 777 stud.
1811 711 1918 777 Plaut.
1932 711 1965 774 Π
1983 734 2014 796 p.
2032 707 2119 795 104).

358 823 531 888 Praeterea
553 820 663 886 confer
686 843 768 906 quae
793 820 834 884 ad
858 841 886 886 v.
906 819 971 884 252
995 824 1028 884 et
1052 821 1114 884 727
1140 820 1303 885 annotavi.
1350 818 1389 886 V.
1408 819 1473 884 302
1497 819 1570 903 quie
1595 819 1718 904 primus
1742 819 1832 884 huic
1860 817 2026 902 scripserit
2054 837 2119 882 non

358 935 503 1015 apparet.
540 927 579 992 V.
599 927 663 993 553
688 927 779 1012 qnid
803 949 901 992 nnnc
923 926 970 991 nil
995 931 1045 990 eat
1068 927 1131 990 nisi
1156 926 1340 991 coniectura
1362 925 1501 1010 Goetzii,
1524 926 1558 991 id
1581 926 1666 1011 quod
1690 948 1728 990 ex
1753 929 1912 1011 apparatu
1935 946 2000 990 nou
2023 923 2119 989 facile

359 1035 574 1119 cognoscitur.

518 1159 556 1223 In
580 1163 802 1246 argumento
827 1158 982 1244 Epidici
1006 1157 1141 1244 ascripsi
1165 1157 1205 1240 ad
1232 1179 1359 1222 versum
1381 1159 1403 1222 2
1427 1157 1574 1242 quamvis
1599 1157 1785 1223 dubitanter

788 1283 949 1348 Persudsu
974 1283 1058 1348 servi
1082 1287 1180 1367 atque
1202 1279 1236 1346 is
1261 1283 1451 1348 conductam
1475 1282 1675 1348 mulierem

357 1431 547 1494 persuasu
577 1407 681 1474 servi
712 1414 828 1493 atque
858 1408 1083 1474 conductam
1112 1405 1354 1492 habentlibn,
1384 1412 1500 1492 atque
1528 1407 1561 1470 is
1588 1407 1654 1472 iam
1683 1405 1867 1472 emendavit
1895 1405 2032 1471 Botbius
2060 1426 2120 1470 nec

359 1517 452 1582 credo
486 1537 546 1603 ego
579 1515 711 1601 qnidam
744 1538 763 1579 a
797 1515 954 1580 librorum
989 1515 1149 1600 scriptura
1180 1517 1296 1598 atque
1328 1537 1399 1579 esse
1433 1513 1654 1580 recedendum.
1708 1513 1820 1578 Possis
1856 1513 1955 1578 etiam
1990 1515 2120 1577 servata

358 1622 492 1708 Pyladis
517 1623 715 1689 coniectura:

784 1711 945 1777 Persuaau
969 1710 1115 1777 servoli
1139 1712 1236 1796 atque
1260 1711 1293 1776 is
1317 1707 1550 1776 conducticiam

359 1860 556 1924 quamquam
581 1837 658 1922 quid
681 1858 794 1922 reapse
817 1836 958 1902 voluerit
980 1837 1164 1923 argumenti
1187 1835 1327 1921 scriptor
1349 1836 1421 1921 quis
1445 1859 1503 1921 pro
1528 1841 1616 1901 certo
1640 1836 1802 1902 affirmare
1827 1833 1934 1900 ausit?

520 1980 559 2046 V.
579 1981 599 2045 3
623 1979 658 2044 in
682 1980 842 2065 scriptura
865 1978 1012 2045 codicum
1036 2001 1133 2064 quam
1156 1977 1279 2063 recepit
1302 1977 1455 2044 Goetzius
1477 1979 1569 2044 nullo
1588 1984 1684 2065 pacto
1708 1979 1886 2066 poterimus
1908 1976 2121 2062 acquiescere.

360 2089 446 2155 Nam
470 2088 656 2174 argumenti
680 2087 871 2171 scriptorem
903 2107 979 2150 cave
1011 2084 1122 2151 credas
1152 2085 1283 2171 linguae
1314 2085 1437 2150 latinae
1466 2092 1535 2151 tam
1565 2087 1665 2152 fnisse
1697 2091 1875 2172 expertem,
1906 2085 1936 2150 ei
1959 2090 1996 2149 ut
2018 2082 2119 2148 tribui

360 2195 465 2282 possit
484 2199 648 2260 structura
666 2193 809 2280 aliquam
830 2194 864 2259 ei
882 2191 964 2257 filii
987 2191 1156 2257 subiecit
1174 2213 1306 2276 prorsus
1325 2193 1473 2258 inaudita
1491 2193 1550 2258 illa
1569 2194 1698 2280 quidem
1714 2215 1771 2262 nae
1786 2193 1853 2258 ullo
1871 2193 1965 2257 modo
1980 2190 2121 2256 ferenda.

361 2302 532 2368 Praeterea
556 2301 727 2367 subiecit
749 2290 928 2385 peifectum
952 2299 1122 2364 molestius
1146 2320 1243 2383 quam
1267 2303 1305 2365 ut
1328 2299 1462 2366 tolerari
1485 2305 1591 2385 queat.
1637 2301 1708 2386 Ego
1733 2300 1803 2365 falli
1827 2322 1893 2365 non
1922 2297 2069 2382 videbor,
2093 2297 2121 2360 si

360 2410 446 2476 hunc
470 2431 599 2474 versum
624 2407 737 2474 eadem
761 2406 1002 2493 depravationis
1026 2405 1219 2491 contagione
1243 2405 1448 2491 inquinatum
1472 2429 1542 2472 esse
1567 2407 1764 2493 existimem,
1790 2430 1853 2492 qua
1877 2405 1933 2492 qui
1957 2403 2122 2470 antecedit

362 2517 491 2582 laborat
516 2515 702 2581 versiculus.
749 2511 861 2578 Scribo

786 2602 910 2667 Iterum
929 2623 991 2685 ‚pro
1015 2600 1119 2666 amica
1142 2600 1251 2666 erilis
1275 2601 1393 2667 subicit
1414 2601 1481 2666 filii

362 2707 564 2816 quamquam*
584 2729 690 2814 possis
715 2728 814 2794 etiam
838 2725 996 2811 suspicari

789 2851 912 2918 Iterum
935 2873 994 2936 pro
1018 2849 1123 2916 amica
1146 2847 1222 2915 erili
1246 2851 1378 2936 subicit,
1401 2851 1476 2918 filio

791 2959 857 3024 Dat
881 2957 957 3023 erili
981 2962 1162 3043 argentum.

522 3101 677 3188 Epidici
700 3105 809 3166 autem
837 3101 961 3185 ipsius
989 3123 1062 3165 cum
1090 3100 1155 3165 alia
1182 3105 1253 3165 tum
1281 3107 1411 3186 praeter
1437 3109 1545 3168 cetera
1573 3125 1722 3168 scaenam
1746 3104 1886 3190 primam
1910 3105 2006 3189 primi
2030 3109 2121 3169 actus

363 3211 500 3278 diversis
519 3209 822 3275 rectractatiouibus
842 3208 928 3273 male
945 3229 1016 3272 esse
1035 3208 1214 3292 turbatam,
1233 3209 1499 3295 quotiescumque
1513 3211 1596 3276 hanc
1610 3211 1756 3276 fabulam
1772 3213 1851 3297 legi,
1872 3211 1952 3275 mihi
1966 3211 2121 3296 persuasi.

363 3318 498 3384 Initium
528 3315 658 3382 fabulae
689 3316 788 3380 latius
821 3319 872 3382 est
903 3319 936 3380 et
969 3311 1208 3398 quodanimodo
1241 3315 1432 3381 distractum
1466 3339 1524 3382 nec
1556 3339 1619 3382 uno
1652 3318 1723 3382 loco
1756 3319 1872 3382 misere
1903 3317 1975 3383 hiat
2007 3318 2121 3400 oratio,

364 3424 450 3510 quod
474 3444 704 3510 saepenumero
732 3421 991 3488 rectractationis
1019 3421 1175 3486 indicium
1198 3426 1249 3486 est
1272 3423 1510 3492 certissimum..
1534 3423 1565 3489 N
1568 3447 1603 3489 ac
1630 3429 1741 3489 tamen
1767 3424 1848 3489 haee
1875 3423 2120 3490 retractantium

364 3535 533 3618 poetarum
557 3530 666 3595 studia
693 3529 734 3594 ad
758 3527 929 3613 Epidicum
954 3527 1060 3612 magis
1084 3551 1181 3612 quam
1205 3515 1352 3593 ad'alias
1367 3511 1485 3594 'Plauti
1513 3531 1641 3596 fabulas
1671 3531 1865 3616 pertinuisse
1893 3530 2120 3612 contenderim,

363 3661 445 3724 quae
468 3637 580 3703 fabula
602 3636 742 3721 speciem
766 3636 928 3720 puriorem
952 3636 1095 3702 servavit
1118 3658 1215 3721 quam
1238 3637 1412 3701 nonnullae
1432 3637 1516 3702 aliae
1534 3636 1665 3702 fabulae
1683 3639 1787 3702 multo
1808 3637 1957 3702 miserius
1981 3636 2119 3700 habitae.

364 3744 486 3811 Verum
504 3767 569 3830 qno
589 3743 661 3828 quis
685 3742 866 3808 accuratius
890 3743 924 3807 in
947 3742 1032 3807 hanc
1054 3765 1122 3806 rem
1146 3742 1365 3827 inquisiverit,
1390 3765 1426 3808 eo
1451 3746 1556 3828 magis
1580 3745 1751 3830 intelleget
1774 3745 1894 3809 firmari
1919 3765 1956 3806 ac
1980 3741 2120 3805 stabiliri

364 3851 534 3918 Ritschelii
553 3849 748 3916 sententiam
767 3849 895 3914 fabulas
911 3848 1079 3914 Plautinas
1099 3871 1210 3914 omnes
1229 3871 1294 3914 non
1314 3851 1410 3935 tales,
1429 3851 1540 3935 quales
1556 3875 1573 3916 e
1587 3857 1702 3937 poetae
1722 3852 1824 3936 ipsius
1844 3871 1941 3914 mauu
1956 3847 2120 3934 profectae

365 3961 454 4042 sunt,
488 3957 544 4022 sed
574 3959 684 4043 potins
714 3957 843 4022 libellos
874 3957 1036 4022 scaenicos
1066 3954 1250 4020 fabularum
1281 3956 1505 4022 Plautiuarum
1535 3959 1569 4023 in
1600 3980 1693 4022 usum
1726 3955 1969 4048 septimine.
1999 3954 2120 4019 saeculi

363 4065 484 4130 iterum
506 4064 688 4149 iterumque
708 4063 844 4129 diversis
869 4062 1051 4129 actionibus
1076 4063 1232 4129 scaenicis
1252 4064 1481 4148 adaptatarum
1501 4065 1541 4129 ad
1561 4069 1705 4129 nostram
1726 4062 1916 4128 memoriam
1936 4062 2120 4148 pervenisse

364 4171 592 4236 existimantis.
627 4169 738 4255 Atque
761 4175 798 4235 nt
821 4171 905 4234 hanc
927 4169 1047 4233 malam
1070 4173 1320 4234 retractatorum
1343 4170 1538 4235 industriam
1557 4207 1597 4218 -
1619 4192 1683 4235 nou
1707 4169 1791 4234 enim
1816 4167 1855 4232 de
1879 4191 1942 4234 uno
1967 4173 2119 4234 retracta·

365 4283 435 4344 tore
458 4277 667 4363 cogitandum
696 4300 767 4343 esse
794 4300 866 4343 cum
896 4280 1012 4360 suapte
1040 4279 1156 4340 natura
1184 4282 1320 4361 apparet
1347 4283 1416 4342 tum
1445 4277 1557 4342 multis
1586 4277 1741 4362 exemplis
1769 4276 1984 4341 demonstrari
2012 4279 2121 4359 potest

365 4384 545 4449 certissime
570 4421 611 4432 -
634 4384 669 4448 in
693 4407 803 4449 omnes
828 4382 938 4448 Plauti
960 4381 1087 4446 fabulas
1111 4383 1265 4448 saeviisse
1289 4384 1497 4449 manifestum
1521 4387 1584 4469 est,
1611 4385 1659 4448 ita
1685 4405 1751 4448 non
1776 4383 1882 4447 minus
1911 4381 2121 4448 manifestum

365 4491 448 4554 alias
475 4489 549 4554 aliis
577 4490 678 4556 fuisse
706 4492 747 4555 ad
774 4491 971 4556 mutationes
1000 4489 1151 4574 aptiores.
1202 4490 1264 4555 Est
1291 4491 1394 4576 igitur
1423 4491 1543 4556 series
1574 4490 1923 4576 interpolationum
1954 4489 2120 4555 diversis

365 4597 606 4681 temporibus
639 4604 809 4664 ortanum
842 4595 1054 4683 agnoscenda.
1107 4595 1309 4681 Quamquam
1344 4597 1520 4662 cavendum
1551 4601 1601 4663 est
1631 4598 1758 4684 sedulo,
1790 4620 1830 4662 ue
1860 4615 2121 4680 unumquemque

365 4703 558 4788 impeditum
582 4709 614 4768 et
633 4710 819 4789 corruptum
842 4704 971 4770 fabulae
995 4706 1100 4768 locum
1124 4708 1373 4769 retractatorum
1398 4705 1514 4770 studiis
1538 4711 1690 4770 vexatum
1710 4727 1780 4769 esse
1803 4703 1994 4786 iudicemus,
2018 4702 2120 4786 prius-

365 4832 462 4895 quam
491 4810 579 4874 omni
607 4809 777 4897 diligentia
805 4811 871 4876 alia
896 4811 1040 4876 remedia
1067 4811 1216 4894 quaesita
1243 4811 1318 4875 sint.
1366 4811 1533 4876 Praeterea
1561 4813 1601 4876 ab
1630 4813 1681 4876 his
1709 4809 1994 4875 retractationibus
2023 4809 2121 4891 longe

366 4916 528 4980 diversum
556 4920 606 4981 est
629 4917 768 4982 alterum
792 4915 1086 4982 additamentorum
1110 4938 1227 5002 genus,
1255 4919 1340 5002 quod
1363 4919 1598 5004 glossematum
1620 4918 1751 4983 nomine
1775 4915 1945 5000 complecti
1969 4915 2121 4999 solemus,

365 5023 494 5088 etiamsi
526 5024 717 5108 saepissime
753 5024 883 5089 difficile
916 5029 966 5089 est
998 5025 1038 5088 ad
1071 5024 1324 5110 diiudicandum,
1360 5032 1469 5090 utrum
1505 5025 1630 5110 aliquid
1665 5023 1741 5088 huic
1773 5045 1815 5086 an
1851 5022 1901 5086 illi
1935 5022 2044 5105 generi
2077 5021 2121 5084 sit

365 5130 617 5197 attribuendum.
663 5130 725 5198 Sed
749 5132 787 5196 de
811 5131 949 5216 singulis
972 5132 1239 5197 retractationum
1264 5131 1391 5196 indiciis
1414 5133 1481 5196 suis
1506 5133 1586 5196 locis
1610 5131 1800 5195 videbimus.
