4730 5754
1223 235 1299 357 12⁸

532 499 594 564 Pro
621 499 664 564 56
692 503 725 563 et
753 499 794 564 57
825 503 1017 564 retractator
1047 496 1177 582 quidem
1208 497 1249 560 ad
1275 494 1488 581 posteriorem
1515 494 1658 578 aliquam
1686 492 1816 558 sabulos
1844 491 2001 558 actionem
2031 490 2115 556 buno

373 626 502 693 versum
526 605 698 671 substituit

692 710 761 780 Vae
785 711 902 776 misero
926 709 1009 774 mibi
1028 711 1113 774 male
1136 706 1277 794 perdidit
1301 731 1359 773 me.

1161 833 1323 900 Tnnsrmo

1358 939 1517 1016 Quidnam
1540 940 1645 1005 1811181
1677 939 1755 1025 quid
1778 943 1838 1024 est,

378 1031 429 1095 cui
451 1031 551 1096 telem
575 1034 642 1096 fere
665 1032 839 1096 credendus
863 1035 914 1095 est
936 1031 1091 1096 adiecisse

693 1151 855 1241 'Epidice,
878 1157 1024 1240 obsecrd,
1047 1157 1119 1241 quis
1143 1152 1304 1240 perdidit?

1168 1279 1319 1346 Ermrous

1325 1383 1385 1450 llle
1408 1385 1464 1470 qui
1487 1407 1578 1450 arma
1601 1386 1752 1471 perdidit

377 1507 532 1574 Duriores
555 1534 706 1578 numeros
725 1512 843 1598 prioris
870 1533 982 1577 versus
1007 1509 1116 1595 mibi,
1143 1511 1198 1596 qui
1220 1533 1260 1574 ne
1283 1510 1487 1574 retractatori
1512 1509 1642 1596 quidem
1665 1515 1819 1596 poterunt
1842 1509 2013 1576 condonari
2031 1507 2118 1574 iacil-

377 1613 455 1680 lime
478 1616 608 1682 sanabis
631 1620 683 1683 vel
706 1618 768 1683 boc
790 1618 886 1683 modo

695 1760 765 1826 Vae'
789 1759 906 1827 misero
930 1760 1011 1826 mihi
1033 1758 1170 1825 misere
1192 1756 1332 1845 perdidit
1355 1758 1624 1842 melssQuidnem
1647 1760 1753 1825 istrie?
1785 1760 1862 1846 quid
1886 1764 1945 1825 est

539 1900 578 1967 V.
598 1901 640 1966 52
667 1903 782 1968 mirum
804 1903 886 1967 illud
908 1901 1127 1987 reddigitur
1150 1902 1183 1966 in
1207 1899 1239 1962 B
1262 1899 1362 1984 (JFZ
1381 1901 1503 1967 babent
1526 1901 1618 1986 quid
1641 1899 1780 1989 igitur)
1807 1901 1916 1968 nescio
1945 1923 1985 1966 an
2013 1903 2122 1964 ortum

380 2003 424 2067 sit
447 2026 485 2069 ex
509 2005 601 2070 cedo
623 2009 756 2094 igitur,
779 2013 816 2073 ut
838 2009 967 2094 legatur
989 2007 1085 2084 Quid
1108 2009 1197 2073 cedo
1220 2009 1351 2094 igitur.
1389 2008 1441 2072 An
1465 2009 1555 2092 quid
1578 2029 1691 2093 rogas
1710 2008 1834 2094 igitur
1857 2013 1907 2074 est
1930 2006 2122 2094 legendum?

538 2111 615 2178 Non
643 2115 737 2179 credo
764 2119 932 2200 praeterea
959 2137 1032 2179 cum
1055 2115 1195 2180 Meursio
1222 2115 1320 2180 totis
1348 2135 1418 2180 esse
1446 2114 1645 2200 ponendum,
1673 2115 1729 2180 sed
1758 2116 1902 2182 codicum
1931 2114 2122 2199 scripturum

381 2221 441 2281 tot
463 2218 666 2285 retinendam
690 2243 768 2287 esse.
815 2221 936 2307 Digitis
960 2222 1045 2287 enim
1070 2222 1236 2286 ambarum
1259 2229 1413 2286 manuum
1438 2225 1551 2305 quater
1580 2219 1739 2307 porrectis
1767 2220 1926 2286 minarum
1954 2242 2122 2284 nnmerum

382 2328 542 2390 monstret
565 2325 738 2412 Tbesprio,
760 2328 949 2415 priusquam
976 2351 1144 2394 numerum
1171 2328 1278 2393 verbis
1305 2328 1438 2412 indicet,
1460 2328 1510 2392 uti
1534 2350 1592 2392 nos
1617 2349 1744 2414 quoque
1772 2329 1805 2392 in
1829 2327 2123 2414 computationibus

381 2429 469 2496 baud
492 2454 564 2498 raro
587 2432 694 2499 facere
717 2435 867 2501 solemus.
911 2434 991 2500 Post
1013 2439 1074 2500 tot
1095 2435 1200 2500 insero
1225 2436 1337 2520 quot?
1365 2458 1438 2500 81118
1462 2433 1629 2518 Seyfferto.

542 2537 581 2604 V.
600 2541 642 2606 52
665 2541 936 2626 quemadmodum
959 2542 1121 2606 nummis
1148 2564 1206 2627 pro
1235 2541 1401 2627 singulis
1429 2541 1593 2606 nummis
1621 2541 1699 2626 poni
1725 2540 1843 2627 possit,
1873 2563 1938 2606 non
1960 2541 2124 2626 intellego.

384 2641 538 2710 Fortasse
561 2669 672 2712 versus
696 2647 730 2712 in
753 2648 838 2713 bunc
862 2649 991 2714 modum
1015 2653 1065 2714 est
1087 2647 1353 2734 redintegrandus

701 2785 753 2855 'ln
776 2790 866 2856 diem
889 2791 1081 2876 minimque
1104 2791 1230 2876 argenti
1253 2789 1404 2876 singulis
1427 2789 1738 2876 nummisttpapae.

543 2929 582 2996 V.
597 2930 638 2995 57
654 2931 846 3018 scripseram
866 2938 961 2998 antes
975 2936 1103 2998 servate
1119 2933 1287 2999 verborum
1306 2932 1517 2998 collocatione
1536 2933 1708 3019 perdidit
1727 2955 1781 2998 me
1801 2955 1897 3018 quem
1913 2933 1990 2998 libri
2004 2933 2123 2999 hebent

703 3069 968 3161 'Epidicelsstei,
991 3075 1181 3161 deperdidit
1204 3073 1515 3160 messssquislsstille
1538 3076 1594 3159 qui
1618 3097 1708 3140 arms
1731 3075 1873 3161 pe‘rdidit

385 3197 436 3261 rel
455 3196 824 3282 Epidicellsshercle
846 3199 1019 3284 perdidit
1041 3223 1111 3285 mc,
1131 3199 1195 3264 nisi
1219 3200 1327 3284 potius
1351 3199 1449 3263 male
1473 3221 1511 3264 ex
1536 3221 1564 3265 1.
1583 3199 1626 3264 50
1644 3205 1720 3285 post
1738 3199 1899 3285 Epidico
1922 3198 2123 3266 inserendum

386 3307 449 3386 est,
472 3303 557 3387 quod
580 3304 646 3370 Jul.
665 3304 812 3370 Brixium
835 3305 933 3391 prael.
954 3305 1079 3372 Gureul
1095 3304 1190 3370 XVII
1213 3306 1419 3390 proposuisse
1443 3303 1546 3370 video.

544 3408 584 3476 V.
607 3411 649 3477 58
664 3433 733 3498 sqq.
756 3433 837 3497 quos
871 3435 930 3498 pro
959 3413 1098 3478 46-48
1129 3417 1243 3499 postea
1272 3412 1415 3476 adiectos
1446 3433 1516 3475 esse
1550 3412 1753 3498 suspicabar,
1782 3411 1844 3477 hoc
1873 3411 1969 3476 modo
1999 3433 2069 3477 cum
2095 3411 2126 3475 A

385 3535 571 3601 mmm
704 3605 789 3672 Nam
813 3607 889 3693 quid
913 3607 1113 3692 italtssQuis
1136 3606 1268 3672 cottidie
1290 3609 1361 3693 ipse
1384 3608 1424 3672 ud
1447 3629 1498 3672 me
1522 3607 1564 3672 rib
1587 3607 1715 3692 legione
1738 3607 1895 3692 epistulas

916 3731 1082 3799 Mittebat:
1105 3732 1161 3798 sed
1184 3737 1308 3798 taceam
1333 3735 1543 3819 dptumumst

916 3839 994 3905 Plus
1018 3839 1098 3905 scire
1122 3838 1241 3904 satiust
1263 3841 1361 3924 quim
1383 3839 1474 3924 loqui

917 3944 1050 4012 Servom
1072 3945 1250 4012 hdminem:
1273 3969 1311 4012 ea
1334 3945 1535 4031 sapientiast.

388 4084 472 4152 Vide
495 4085 594 4151 etiam
623 4085 814 4154 Muellerum
839 4087 942 4153 Plaut.
962 4087 1092 4154 Prosod.
1110 4114 1141 4175 p.
1159 4090 1233 4154 466.

547 4191 628 4258 Post
654 4214 683 4257 r.
707 4194 747 4258 61
776 4216 839 4259 non
872 4195 984 4260 dubito
1015 4195 1092 4279 quin
1119 4195 1252 4261 lacunae
1280 4195 1410 4280 signum
1436 4195 1521 4259 falso
1549 4195 1695 4278 posuerit
1722 4195 1883 4260 Goetzius.
1930 4191 2135 4259 Structorem

388 4297 627 4364 intolerabilem
653 4299 783 4364 videor
801 4300 929 4366 videre
948 4301 1206 4367 conmeruisse
1225 4323 1289 4366 non
1309 4301 1420 4366 debuit
1439 4299 1607 4366 defendere
1622 4300 1775 4366 Goetzius
1794 4301 1940 4366 Analect
1958 4323 1989 4384 p.
2011 4301 2070 4364 101
2087 4322 2136 4384 sq.

389 4404 541 4470 Ceterum
559 4405 658 4469 velim
677 4404 772 4490 scire,
794 4407 898 4490 qualis
916 4407 1016 4473 fuerit
1034 4407 1090 4474 ille
1108 4409 1298 4492 versiculus,
1317 4431 1413 4492 quem
1432 4412 1507 4494 post
1525 4409 1564 4471 61
1586 4407 1787 4474 intercidisse
1807 4409 1958 4493 opinatur
1972 4405 2134 4472 Goetzius.

389 4509 533 4576 Videor
551 4511 744 4576 vocabulum
764 4512 931 4577 offensioni
951 4536 1020 4579 8888
1039 4515 1104 4579 iam
1123 4516 1248 4601 pridem
1266 4515 1467 4579 intellectum
1486 4519 1549 4599 est,
1568 4514 1652 4599 quod
1672 4519 1780 4580 tamen
1795 4537 1872 4580 cave
1886 4537 1958 4579 cum
1972 4511 2136 4578 Gulielmo

389 4621 495 4683 mutes
518 4617 551 4682 in
575 4616 696 4683 rideo.
732 4617 777 4683 Ut
800 4619 1068 4704 comprehendam
1092 4621 1195 4705 brevi,
1217 4620 1323 4685 scribo
1347 4621 1495 4706 equidem

668 4843 671 4850 Ι
706 4758 824 4824 Ν88818
848 4761 902 4846 pol
926 4762 1003 4846 quid
1026 4767 1063 4827 tu
1086 4761 1240 4827 timidu's:
1264 4763 1416 4848 trepidas.
1461 4758 1623 4848 'Epidice‚
1645 4764 1693 4829 ita
1717 4764 1842 4828 voltrim
1865 4768 1955 4828 tuom

708 4865 845 4951 Tuedr,
867 4867 974 4932 videre
998 4869 1214 4934 conmercisse
1237 4868 1290 4933 bic
1313 4891 1364 4933 me
1387 4869 1520 4934 cibsente
1543 4869 1577 4934 in
1600 4875 1634 4935 te
1657 4868 1780 4955 aliquid
1802 4871 1888 4936 meli.

376 5005 473 5072 Vide
497 5005 709 5073 01118111.260
731 5009 786 5074 ubi
810 5009 894 5094 quod
918 5014 967 5075 est
990 5011 1024 5074 in
1047 5011 1274 5095 manuscriptis
1298 5011 1403 5075 risus
1427 5033 1507 5075 81118
1530 5011 1698 5077 viderier
1721 5011 1917 5076 abambino
1940 5009 2138 5074 assentiente

390 5112 524 5184 Goetzio
548 5113 752 5182 emendatum
775 5121 826 5182 est
849 5117 953 5182 118118
978 5139 1059 5182 8881
1081 5115 1236 5184 11181181.
1282 5115 1403 5182 Versus
1427 5120 1502 5184 sunt
