4730 5754
1148 322 1170 394 5

1054 428 1264 436 ——--—

279 526 446 602 consiliis
485 553 549 603 eas
578 529 705 603 Plauti
737 530 885 604 fabulas
918 532 1059 624 primas
1092 535 1234 626 publici
1267 535 1359 608 iuris
1393 535 1535 608 faciant
1569 536 1749 624 editores,
1787 559 1884 630 quae
1917 536 2040 608 adhuc

281 676 412 743 carent
441 677 628 764 apparatu
655 674 923 747 Ritscheliano

440 823 565 918 Atque
589 831 632 896 ut
657 849 678 898 a
702 825 918 899 novissimis
942 827 1151 902 editoribus
1176 829 1256 902 sine
1280 829 1394 901 dubio
1418 829 1631 902 fabularum
1651 829 1912 902 Plautinarum
1933 830 2039 903 crisis

280 971 456 1056 promota
474 973 535 1040 est
554 990 597 1040 ac
613 967 798 1054 stabilita,
822 969 879 1040 ita
893 968 1069 1042 absoluta
1087 976 1202 1065 atque
1227 971 1400 1044 confecta
1420 971 1467 1043 ab
1487 971 1542 1045 eis
1563 995 1685 1065 neque
1700 977 1759 1044 est
1774 995 1896 1065 neque
1911 979 2041 1064 potest

282 1129 374 1180 esse.
415 1107 496 1181 Nec
516 1109 616 1181 enim
636 1109 748 1183 unius
764 1117 823 1183 est
838 1110 1001 1184 hominis
1017 1114 1191 1206 quamvis
1207 1114 1391 1209 ingeniosi
1407 1136 1476 1186 nec
1490 1114 1603 1186 unius
1620 1114 1759 1187 aetatis
1776 1137 1860 1186 cum
1878 1114 2039 1206 splendi-

281 1247 520 1324 dissimorum
550 1259 882 1324 monumentorum
911 1255 1080 1327 omnium
1109 1279 1205 1349 quae
1234 1255 1342 1329 nobis
1371 1256 1525 1349 reliquit
1554 1255 1763 1349 antiquitas
1792 1263 1875 1328 tum
1898 1255 2040 1328 Plauti-

282 1413 416 1464 narum
440 1393 679 1486 potissimum
698 1394 911 1468 fabularum
931 1397 978 1468 ad
998 1398 1198 1489 pristinam
1221 1399 1379 1470 formam
1403 1399 1614 1486 restituti0,
1639 1399 1762 1491 quoad
1787 1397 1867 1471 cius
1888 1399 2040 1472 omnino

281 1533 364 1606 11111
405 1535 564 1627 poterit,
606 1536 646 1608 in
689 1561 765 1630 qua
814 1540 938 1611 multa
972 1539 1048 1612 iam
1092 1541 1246 1614 saecula
1284 1563 1438 1633 operam
1480 1541 1713 1614 collocarunt
1752 1563 1876 1626 suam,
1920 1541 2042 1612 multa

283 1676 522 1750 collocabunt
549 1678 589 1750 in
617 1684 822 1769 posterum.

443 1827 525 1902 Hoc
549 1830 751 1924 praecipue
775 1831 821 1904 de
842 1832 999 1918 canticis
1018 1834 1261 1908 iudicandum
1280 1858 1363 1909 esse
1384 1859 1408 1908 a
1426 1834 1682 1927 compluribus
1701 1834 1777 1906 iarn
1796 1834 2037 1907 observatum

285 1975 344 2042 est
367 1969 584 2044 hominibus
606 1973 762 2060 milicie,
786 1973 824 2045 in
844 1974 980 2067 quibus
1000 1977 1310 2050 reconcinnandis
1331 1977 1527 2050 novissimi
1547 1977 1711 2050 editores
1731 1976 1805 2069 ipsi
1823 1975 2040 2071 longissime

285 2111 447 2185 aberunt
479 2120 522 2186 ut
549 2115 718 2207 perfecta
746 2139 786 2189 se
803 2116 1020 2192 'confecisse
1051 2119 1280 2192 existiment.
1337 2119 1416 2204 Quo
1445 2121 1485 2192 in
1513 2142 1649 2214 genere
1679 2120 1725 2190 ad
1754 2124 1898 2192 certam
1926 2142 2041 2212 quan-

285 2255 372 2326 dam
400 2278 572 2328 normam
595 2259 807 2331 revocando
836 2259 867 2332 si
895 2281 970 2332 non
995 2261 1122 2333 omnia
1145 2261 1378 2348 etiamnunc,
1407 2269 1448 2334 at
1471 2261 1635 2355 plurima
1658 2269 1787 2352 tamen
1810 2262 2041 2356 ignorantur.

286 2396 472 2491 Quidquid
501 2399 602 2471 enim
630 2401 701 2474 hae
728 2401 767 2472 in
796 2425 836 2473 re
865 2403 988 2474 adhuc
1012 2410 1071 2476 est
1098 2404 1333 2500 indagatum,
1361 2405 1399 2476 id
1423 2405 1553 2478 multis
1578 2411 1681 2477 certe
1709 2404 1801 2477 locis
1829 2403 1893 2477 vix
1922 2409 2042 2476 trans-

285 2539 433 2613 scendit
447 2542 698 2633 experimenti
716 2543 880 2616 modurn.
918 2543 966 2616 Elt
984 2551 1115 2618 tamen
1129 2547 1212 2640 quis
1233 2547 1423 2620 dubitabit
1438 2548 1529 2641 quin
1542 2546 1683 2642 ingenii
1701 2545 1858 2618 humani
1872 2567 2042 2630 acumen,

287 2681 344 2752 uti
367 2682 406 2755 in
429 2683 561 2756 multis
585 2684 670 2758 aliis
694 2686 806 2760 rebus
831 2709 899 2778 per
921 2687 1116 2760 involucra
1139 2695 1179 2762 et
1201 2689 1465 2786 integumenta
1487 2713 1620 2763 verum
1645 2688 1824 2781 dispexit,
1848 2688 1902 2761 sic
1926 2687 2042 2760 etiam
2131 2749 2134 2756 .

286 2823 326 2895 11
357 2824 429 2897 hac
462 2833 637 2898 contorta
669 2833 709 2900 et
741 2828 883 2900 difficili
916 2853 956 2901 re
990 2829 1188 2926 caliginem
1222 2832 1384 2926 denique
1419 2833 1470 2906 sit
1498 2832 1766 2906 discussurum.
1822 2829 1940 2903 Credo
1973 2851 2042 2926 ego

289 2964 439 3058 quidem
477 2967 725 3042 dissentiente
759 2969 965 3043 Ritschclio
1005 2972 1201 3065 (opuscv
1233 2998 1315 3070 pag.
1342 2977 1417 3048 592
1443 2978 1535 3069 sqq.)
1573 2973 1791 3068 perquisitis
1829 2972 2042 3045 accuratius

188 3085 219 3184 s
288 3109 574 3201 quaestionibus
603 3135 699 3205 quae
729 3113 776 3185 ad
804 3113 988 3186 musicam
1016 3137 1190 3210 graecam
1220 3117 1413 3210 pertinent
1441 3117 1642 3211 aliquando
1671 3120 1897 3208 perventum
1925 3115 1972 3186 iri
1996 3113 2043 3187 ed

286 3250 569 3347 investigandas
602 3252 720 3348 leges,
753 3254 889 3348 quibus
926 3261 967 3326 ut
995 3257 1211 3330 modulatus
1239 3259 1421 3332 tibiarum
1447 3259 1653 3351 fidiumque
1682 3237 1816 3331 cantus
1845 3256 2042 3330 1101111111

196 3467 199 3472 .
287 3399 416 3486 partes
445 3393 657 3467 fabularum
688 3418 780 3469 voce
810 3403 987 3470 cantatae
1016 3399 1209 3472 subiectae
1238 3400 1380 3473 fuerint
1403 3424 1556 3496 necesse
1582 3407 1650 3474 est.
1706 3399 1779 3473 Sed
1803 3400 1897 3471 haee
1919 3405 2044 3492 poste-

288 3535 430 3606 riorum
457 3541 688 3629 temporum:
732 3539 824 3611 illud
853 3539 1119 3634 gravissimum
1149 3543 1249 3635 quod
1277 3566 1363 3636 spes
1392 3549 1451 3616 est
1479 3542 1558 3615 fore
1588 3550 1631 3616 ut
1659 3564 1745 3615 mox
1774 3541 1902 3614 Plauti
1930 3563 2044 3632 appa-

287 3683 395 3750 ratus
423 3677 576 3751 criticus
605 3681 726 3754 omnis
755 3681 950 3754 habeatur.

450 3839 598 3922 Quanto
636 3840 737 3912 enim
775 3843 1032 3915 emolumento
1067 3812 1138 3916 hoc
1171 3843 1338 3917 futurum
1373 3846 1424 3918 sit
1456 3846 1595 3920 litteris
1628 3845 1814 3918 universis
1847 3843 1949 3916 credi
1981 3842 2044 3914 vix

289 3971 428 4072 potest.
483 3980 564 4054 Hoc
592 3982 784 4055 monuisse
813 3984 906 4056 satis
943 3985 1065 4057 habco
1102 3992 1184 4058 tum
1226 3986 1378 4060 demum
1416 3987 1525 4061 condi
1568 4010 1678 4080 posse
1715 3987 1865 4083 linguae
1902 3985 2044 4058 latinae

289 4123 526 4210 thesaurum,
565 4124 628 4218 qui
665 4126 868 4200 thesaurus
901 4134 1135 4221 quantopere
1167 4129 1374 4203 Ritschelio
1406 4135 1536 4204 nostro
1569 4131 1607 4202 in
1642 4130 1740 4203 votis
1773 4128 1889 4202 fuerit
1921 4129 2046 4202 sciunt

291 4287 421 4339 omnes
450 4266 515 4359 qui
543 4267 624 4339 eius
654 4266 913 4342 familiaritate
944 4271 1002 4344 usi
1030 4278 1128 4344 sunt.
1186 4272 1375 4346 Accedent
1403 4274 1531 4346 studia
1558 4272 1606 4345 ad
1629 4273 1805 4346 metricas
1828 4271 2045 4368 grammati-

291 4430 429 4502 casque
463 4408 704 4502 quaestiones
736 4411 983 4503 pertinentia,
1017 4419 1197 4507 sequetur
1230 4415 1413 4488 sermonis
1442 4414 1609 4488 Plautini
1638 4415 1909 4511 pervestigatio
1938 4436 2045 4486 aecu-

292 4549 426 4639 ratior,
468 4550 566 4622 unde
609 4573 722 4644 quam
764 4553 869 4650 larga
910 4555 1044 4628 messis
1081 4555 1211 4629 futura
1252 4557 1303 4630 sit
1338 4557 1469 4632 lexicis
1511 4559 1651 4631 nostris
1688 4557 1762 4631 dici
1802 4557 1865 4630 vix
1907 4561 2045 4649 potest,

292 4713 367 4765 non
400 4693 523 4766 deerit
549 4715 676 4766 rerum
704 4693 966 4770 Plautinarum
994 4698 1261 4790 interpretatio
1290 4699 1524 4791 amplissima
1551 4699 1663 4774 nimis
1689 4700 1753 4770 diu
1781 4698 1954 4794 neglecta
1981 4697 2047 4769 illa

292 4834 446 4929 quidem
474 4843 589 4930 atque
618 4859 641 4910 a
667 4839 866 4931 perpaucis
896 4840 1019 4911 adhue
1047 4845 1233 4931 suscepta.

453 4994 691 5091 Singularum
715 4998 929 5071 fabularum
953 5005 1021 5070 aut
1044 4999 1124 5072 sine
1145 5007 1351 5093 apparatus
1371 5001 1492 5074 critici
1511 5001 1699 5094 praesidio
1719 5005 1786 5071 aut
1804 5021 1880 5071 101
1899 4993 2046 5094 integro

294 5143 479 5231 apparatu
512 5145 732 5229 paratarum
764 5141 985 5230 editionem,
1019 5142 1191 5236 quamvis
1222 5165 1333 5218 suum
1360 5143 1501 5217 habeat
1527 5143 1710 5237 pretium,
1742 5141 1863 5213 multo
1891 5141 2047 5216 minoris
2095 5150 2101 5162 '
